2781 3882
772 121 1089 197 ‘LIBER
1180 124 1676 208 TERTIVS.
2066 72 2070 73 ‘
2132 164 2232 230 137

221 237 300 307 'ab
307 240 405 321 est,
418 260 482 308 vt
498 241 659 309 nolle
669 240 932 309 debeant.
947 240 1062 310 Ista
1076 242 1200 309 sunt
1211 242 1508 309 ordinaria
1523 248 1810 335 quaedam.
1832 251 1999 331 Sunt,
2009 277 2138 345 quae
2153 255 2230 323 le-

222 336 371 422 gatis
382 331 806 408 discedentibus
821 333 947 400 dari
961 335 1400 400 consueuerunt.
1417 335 1619 426 Atque
1634 341 2116 432 Germani(quod
2131 345 2239 412 ha-.
2270 370 2336 412 ne
2350 364 2531 416 moer.

225 424 322 489 bet
335 423 602 499 Tacitus)
624 426 746 491 haec
761 424 1047 490 ostentate
1072 426 1251 489 etiam
1266 424 1549 496 solebant.
1568 440 1632 494 Sc
1653 433 1918 498 maxime
1950 435 2222 526 indigna-

224 513 436 580 bantur
448 567 466 593 ,
480 514 520 579 fi
534 515 776 605 quando
794 513 1086 580 consecuti
1103 537 1225 578 non
1240 513 1485 582 fuerant.
1500 540 1563 586 vt
1577 519 1846 587 additum
1862 522 1940 588 ab
1951 524 2226 592 Ammia-

220 629 309 670 no
326 605 421 672 est.
438 608 594 673 Non
612 603 693 671 cst
710 603 808 669 hic
821 628 854 669 a
874 607 1254 695 corruptione
1264 609 1592 696 periculum
1610 639 1623 675 ε
1643 635 1782 676 nam
1799 635 1887 679 res
1898 612 2017 681 fere
2035 615 2226 684 debita
2265 648 2427 699 5545,

222 695 491 774 soluitur,
505 715 570 762 vt
585 714 829 784 propter
845 693 1032 784 ipsam
1045 696 1204 762 nulla
1229 697 1450 788 legatus
1470 701 1840 792 obligatione
1865 713 2225 774 muneratori

219 784 617 877 obstringatur
629 837 642 849 .
654 787 715 853 Si
733 789 791 850 in
809 786 1207 852 commodum
1223 812 1462 880 quoque
1489 795 1629 882 reip.
1645 793 1752 859 suae
1768 794 1963 862 oblata
1978 821 2228 866 munera

217 875 364 941 velit
376 877 596 967 legatus
622 878 693 941 ab
724 876 1013 943 munifico
1029 880 1295 967 principe
1322 885 1500 959 verti,
1516 883 1808 950 laudabile
1823 889 2224 975 proculdubio

217 964 440 1036 facinus
457 965 637 1033 faciet.
665 990 806 1033 nam
822 967 881 1033 1d
898 970 1108 1033 iactitat
1123 966 1177 1034 se
1201 969 1388 1037 feciffe
1416 972 1573 1062 apud
1603 974 1960 1066 Philippum
1989 981 2225 1046 Demo«

215 1056 460 1125 sthenes·
475 1057 635 1125 Aliae
652 1060 824 1125 ctiam
843 1056 1041 1125 caussae
1059 1058 1163 1125 effe
1176 1059 1442 1150 possunt,
1475 1084 1715 1154 propter
1727 1089 1869 1156 quas
1900 1070 2071 1160 legati
2088 1095 2222 1139 mu-

211 1171 356 1214 nera
372 1173 497 1216 non
519 1146 776 1216 refutent.
794 1150 906 1216 Sed
920 1158 1219 1240 praecepus
1233 1154 1559 1222 moralibus
1579 1157 1834 1224 eruditus
1860 1158 2084 1250 legatus
2111 1186 2223 1229 no-

213 1239 328 1306 ster
341 1291 359 1319 ‚
379 1253 441 1306 8(
455 1241 607 1308 bene
621 1241 691 1306 ab
708 1238 963 1317 historijs
991 1240 1304 1308 instructus
1335 1244 1477 1333 quid
1494 1268 1732 1336 operam
1749 1249 2014 1317 nostram
2039 1258 2223 1343 exigit

209 1329 556 1422 longiorem
579 1328 948 1398 ?Initiandus
962 1331 1116 1419 quasi
1130 1356 1163 1396 a
1180 1336 1359 1406 nobis
1387 1356 1521 1403 erar,
1542 1337 1707 1426 quod
1733 1340 2006 1407 fecimus:
2040 1345 2223 1409 relin-

212 1421 481 1510 quendus
496 1421 930 1506 moxingenio,
945 1420 1191 1498 iudicio,
1206 1420 1499 1508 sapientiae
1514 1474 1534 1501 ,
1547 1428 1860 1495 virtutibus
1879 1428 1994 1498 suis
2010 1432 2118 1498 est:
2151 1446 2218 1499 δε

203 1510 409 1577 ‘statim
424 1507 798 1600 relinquetur.
814 1506 994 1573 Plura
1010 1530 1250 1598 quoque
1263 1559 1284 1587 ,
1296 1510 1479 1602 quam
1495 1511 1822 1582 offerantur
1832 1567 1851 1597 ,
1862 1517 1906 1583 fi
1919 1520 2087 1587 dono
2108 1521 2219 1589 fibi

192 1603 262 1668 ·le
304 1623 431 1668 atus
459 1595 754 1679 desumat,
781 1597 841 1662 id
860 1599 1050 1685 potest
1065 1598 1390 1686 aliquando
1411 1602 1687 1692 elegantis
1706 1605 1976 1675 hominis
1992 1609 2217 1681 fabium

192 1624 334 1759 efge.
355 1704 418 1756 Sc
436 1689 775 1778 exemplum
796 1691 857 1752 in
874 1686 1149 1754 Plutarco
1164 1685 1261 1751 est.
1291 1688 1492 1757 Missas
1506 1692 1577 1756 ad
1605 1695 1868 1782 legatum
1884 1699 2219 1772 Athenien·
2251 1726 2303 1774 1η
2315 1723 2463 1793 Lysm

203 1780 322 1849 sem
341 1780 514 1848 stolas
529 1780 670 1846 duas
688 1784 1210 1856 commemorat,vt
1218 1801 1422 1857 Vnam,
1463 1805 1603 1847 uam
1622 1787 1813 1866 vellet,
1826 1786 1962 1855 filiae
1981 1792 2216 1865 donum

205 1875 502 1963 accipereti
528 1872 703 1938 illum
714 1867 861 1939 vero
877 1890 1188 1960 Vtramque
1202 1804 1491 1961 sumpfiiie
1503 1870 1613 1940 sub
1630 1873 1749 1943 hoc
1763 1879 2050 1971 elogium:
2064 1889 2218 1953 Filia

193 1960 379 2056 *eltget
388 1961 740 2031 melidai-lie
753 1964 947 2029 tamen
967 1984 1174 2053 praeter
1186 1962 1367 2054 quam
1380 1988 1460 2056 qu
1466 1965 1548 2033 od
1562 1965 1887 2037 videndum
1898 1971 1989 2051 est,
1999 1999 2076 2042 ne
2090 2000 2216 2066 pre.

205 2055 288 2123 tta
300 2056 498 2123 rerum
512 2076 757 2148 arguant
768 2057 1076 2122 auaritiam
1091 2058 1428 2145 accipientis
1444 2109 1464 2137 ,
1480 2056 1651 2124 debet
1670 2072 1731 2127 ὃς
1751 2063 1897 2129 illud
1909 2068 2109 2156 inspici
2123 2120 2143 2148 ,
2169 2069 2216 2136 fi

202 2152 421 2240 gratius
434 2147 713 2220 donatori
728 2146 947 2215 fastum
965 2149 1287 2236 continget.
1301 2147 1465 2238 quod
1482 2172 1619 2216 cum
1635 2151 1894 2231 liberali,
1909 2160 2130 2237 amic0‚
2143 2172 2211 2228 Sc

202 2238 565 2318 verecundo,
580 2238 914 2307 {inbuerenti
931 2237 1095 2327 plura
1115 2235 1345 2316 offerre,
1363 2242 1608 2306 eueniet.
1636 2242 1733 2310 Ac
1748 2246 1876 2311 satis
1893 2245 1967 2312 de
1995 2265 2213 2317 mune*

200 2330 385 2409 ribus.
399 2328 746 2420 Aliudquid
762 2342 788 2395 Ρ
815 2331 879 2397 Si
895 2327 1159 2395 sordidus
1176 2326 1318 2394 alibi
1334 2330 1552 2420 legatus
1566 2330 1630 2398 fit
1643 2385 1663 2413 ,
1689 2336 2027 2425 temperaffe
2040 2337 2145 2406 fibi
2170 2367 2206 2409 a

191 2422 550 2488 muneribus
565 2419 914 2510 accipiendis
931 2442 1054 2486 non
1070 2419 1152 2486 est
1163 2423 1312 2486 satis.
1342 2421 1707 2504 Liberalitas,
1722 2449 1849 2516 quo
1861 2427 1941 2493 est
1953 2435 2204 2500 nomine

200 2515 400 2580 minus
415 2515 508 2578 vir
522 2515 787 2601 princeps
802 2509 1147 2589 laudandus,
1160 2513 1241 2575 ita
1255 2510 1297 2576 fi
1311 2511 1502 2602 legato
1519 2517 1654 2580 viro
1671 2522 1923 2608 principi
1939 2520 2102 2601 absit,
2117 2527 2208 2590 in·-

196 2600 413 2669 firmem
429 2627 565 2667 eum
585 2604 812 2691 penitus
828 2654 847 2681 ‚
861 2602 1206 2690 prorsusque
1219 2602 1423 2668 rediit.
1454 2629 1583 2671 non
1601 2611 1764 2672 enim
1791 2609 2201 2700 acquisititium

198 2692 342 2782 quid
360 2692 417 2757 id
432 2692 590 2757 estin
606 2694 885 2781 supremis
904 2696 1072 2770 viru,
1085 2691 1180 2757 sed
1195 2691 1502 2761 infititium
1516 2746 1537 2775 ,
1559 2703 2015 2792 propriumque*
2033 2725 2203 2795 atque

196 2784 320 2850 hoc
335 2786 437 2875 qui
455 2783 699 2848 illorum
716 2803 885 2862 caret,
904 2781 1007 2848 effe
1020 2783 1266 2849 illorum
1295 2807 1422 2850 non
1438 2787 1646 2876 potest.
1676 2793 1748 2858 Et
1762 2791 1866 2858 hic
1878 2812 2077 2862 tamen
2096 2795 2201 2861 ad,-

196 2897 422 2942 uertere
436 2873 752 2965 prudenter
768 2893 1011 2963 oportet
1025 2925 1043 2952 ,
1058 2897 1133 2938 ne
1145 2874 1290 2939 dum
1304 2876 1472 2942 timet
1484 2878 1707 2970 legatus
1717 2886 1875 2948 auari
1888 2908 1956 2950 ac
1980 2884 2201 2952 sordidi>

195 2987 446 3045 nomen,
462 2988 584 3031 non
605 2964 761 3044 dico,
776 2964 1057 3056 prodigus
1073 2963 1200 3035 fiat3
1221 2967 1346 3032 talis
1362 2971 1523 3034 enim
1539 2972 1789 3060 persona
1803 2973 1930 3040 fieri
1942 2977 2201 3068 prodiga

196 3059 401 3148 nequit
420 3084 433 3121 :
464 3057 554 3123 sed
585 3080 659 3122 ne
687 3059 751 3120 in
764 3057 1122 3146 legationem
1139 3104 1160 3136 ,
1189 3069 1252 3123 8(
1265 3059 1360 3124 'ius
1378 3061 1499 3126 eius
1529 3084 1631 3151 per
1647 3066 2038 3132 nummorum
2055 3090 2196 3134 con·-

174 3148 178 3197 3
196 3158 490 3236 temptum
505 3147 661 3214 male
675 3146 892 3236 aliquid
910 3146 1188 3223 admittat.
1205 3149 1423 3216 Casum
1438 3157 1612 3241 petis?
1626 3156 1737 3220 Do
1753 3180 1828 3223 ex
1842 3155 2087 3221 historia
2098 3181 2199 3227 ex-

200 3238 467 3326 emplum
484 3236 1014 3308 luculentissimum.
1046 3236 1208 3307 Missi
1224 3241 1489 3308 Romam
1504 3243 1578 3310 ab
1594 3245 1815 3311 AEtolis
1827 3246 2002 3335 legati
2022 3247 2196 3315 inrer-

199 3333 492 3417 cipiuntur
506 3332 572 3394 in
585 3333 791 3398 itinere
803 3354 838 3393 a
851 3330 1278 3399 Romanorum
1292 3332 1459 3411 socijs
1472 3335 1756 3426 Epirotis,
1785 3334 1878 3401 Fit
1891 3338 2007 3404 inis
2022 3343 2204 3431 copia

197 3416 528 3513 redimendi
545 3420 634 3501 se,
657 3417 701 3513 ii
724 3419 935 3518 singuli
952 3422 1169 3521 talenta
1194 3423 1561 3524 exsoltiissent
1577 3428 1835 3521 quinque
1847 3454 1866 3523 3
1882 3450 2036 3526 {139³
2059 3443 2124 3525 ὃς
2149 3429 2201 3523 i}

194 3501 368 3514 υ».-...-»,-.
423 3505 526 3515 ——u
544 3509 564 3515 --
1160 3516 1165 3520 .
1192 3511 1458 3524 ..μ-Α-.-υ-..ι,,.
1632 3517 1681 3589 S
