2781 3882
730 158 1040 231 LIBER
1134 158 1552 231 PRIMVS.
1658 198 1661 202 ›
2120 178 2188 244 33

214 300 321 368 pus
337 272 722 353 caduceatore,
735 273 929 340 alioue
942 268 1281 338 huiusmodi
1297 268 1548 335 homine
1563 269 1825 338 barbaris
1841 271 1953 338 fuit
1968 274 2028 337 in
2046 272 2214 338 Grae-

214 388 366 434 ciam
394 365 885 455 proficiscentibus
899 417 917 441 ,
949 361 997 429 fi.
1016 386 1050 426 a
1076 363 1298 427 Graecis
1328 361 1472 425 mali
1501 362 1723 451 aliquid
1753 368 1871 449 pati
1909 363 2210 428 nolebant:

213 470 284 523 ὅτ.
296 459 518 523 Graecis
537 477 742 524 contra
756 454 1027 520 euntibus
1043 454 1106 515 in
1123 451 1392 528 barbaras
1411 454 1702 542 regiones.
1735 454 1903 519 Nam
1925 477 2063 519 cum
2077 454 2207 519 bar-

213 547 368 615 baris
397 559 680 613 aeternum
709 541 912 609 natura
940 543 1168 608 bellum
1198 544 1484 610 omuibus
1512 545 1734 613 Graecis
1769 542 1879 609 effe
1907 543 2212 610 existima-

211 637 400 704 batur.
429 640 643 726 Liquet
659 633 885 702 veroid
910 682 930 714 ,
960 634 1123 722 quod
1153 634 1226 699 de
1250 635 1347 700 vsu
1377 634 1820 701 caduceatorum
1849 634 1989 701 dico
2012 659 2083 701 ex
2102 635 2212 700 Al-

211 728 437 793 cibiade
451 725 791 804 Plutarchi,
822 737 885 790 ὅτ,
903 725 1168 814 pluribus
1185 726 1333 791 locis
1348 725 1706 792 Thucididis
1721 779 1740 805 ‚
1771 729 2007 816 meique
2024 727 2161 791 Liui
2166 732 2206 802 j.

209 819 294 884 Vt
311 837 505 883 tamen
537 820 598 881 in
616 817 779 882 bello
795 815 1023 881 rantum
1050 814 1222 889 fuerit
1251 813 1472 883 horum
1509 818 1837 907 legatorum
1854 823 1988 885 vlus
2011 844 2024 880 z
2045 818 2213 883 belli-

210 931 345 976 cum
362 929 580 987 tamen,
597 906 811 985 hostile
825 907 974 972 nihil
988 908 1063 972 ab
1083 904 1211 996 ipsis
1227 907 1586 974 audiebatur.
1615 910 1832 974 Pacem
1865 909 2210 975 caduceato-

208 1023 295 1066 res
325 1000 570 1066 orabant
584 1051 603 1077 ,
631 995 1057 1064 offerebantue:
1090 998 1349 1066 inducias
1379 999 1647 1089 petebant
1669 1027 1681 1064 ε
1715 1023 1968 1090 corpora
1986 1021 2202 1090 repete-

205 1092 349 1157 bant
361 1089 433 1156 ad
449 1090 792 1179 sepulturam
810 1117 822 1154 :
852 1088 1195 1179 potestatem
1210 1090 1333 1156 dari
1352 1090 1861 1170 redimendorum,
1875 1112 2213 1181 permutan-

205 1180 538 1271 dorumque
553 1183 926 1270 captiuorum
946 1181 1267 1271 rogabant:
1293 1179 1481 1249 simile
1510 1181 1733 1270 aliquid
1748 1183 2027 1272 agebant,
2053 1183 2113 1248 di
2120 1207 2212 1249 ce-

207 1274 381 1338 bant:
412 1296 540 1361 quae
553 1296 586 1336 a
617 1273 843 1337 ratione
860 1271 999 1339 belli
1016 1275 1228 1336 omnia
1244 1272 1439 1337 dissira
1454 1267 1606 1337 sunt.
1637 1272 2035 1340 caduceatores
2064 1281 2093 1358 (
2124 1277 2218 1339 ixi-1

205 1367 333 1452 quit
358 1361 587 1434 Festus)
621 1365 826 1447 Legati
836 1380 1036 1448 pacem
1055 1376 1335 1447 petentes.
1374 1359 1586 1450 Qare
1618 1362 2084 1450 reprehendendi
2118 1366 2207 1429 illi
2233 1388 2288 1444 T
2302 1395 2417 1445 liba.
2437 1399 2556 1446 Plus.

203 1451 438 1519 forsitan
454 1449 726 1518 videntur
741 1452 1088 1537 interpretes,
1098 1453 1199 1542 qui
1217 1449 1372 1538 apud
1387 1449 1965 1542 Thucididem,apud
1981 1455 2209 1521 Plutar-
2235 1464 2286 1511 ‘in
2300 1470 2403 1526 Pyr.

204 1567 341 1609 cum
355 1564 493 1608 cum
509 1536 730 1628 poffent
742 1542 1033 1628 praeconis
1046 1544 1300 1607 nomine
1313 1544 1400 1607 vti
1425 1542 1488 1604 in
1505 1566 1580 1608 eo
1608 1543 1807 1633 legato
1826 1543 2204 1635 defignandO,

200 1636 302 1722 qui
320 1632 543 1702 bellum
558 1630 785 1709 indicit,
816 1631 998 1719 inq'ue
1012 1654 1276 1721 pugnam
1304 1655 1633 1722 prouocat,
1664 1635 1997 1701 maluerunt
2012 1638 2203 1705 verbo
2223 1697 2230 1701 .

200 1725 418 1790 Graeco
434 1720 701 1801 insistere,
722 1734 782 1788 Sc
799 1720 1234 1794 caduceatorem
1249 1723 1471 1789 referre.
1494 1725 1693 1821 Qd
1712 1724 1908 1793 multo
1926 1731 2119 1819 magis
2137 1732 2200 1794 in
2237 1760 2358 1812 aba
2377 1762 2428 1811 de
2443 1760 2504 1812 be.

199 1814 462 1904 Appiani
479 1817 783 1902 interprete
798 1812 1085 1880 vitiosum
1101 1813 1180 1877 est
1194 1866 1211 1891 ‚
1224 1818 1328 1902 ‚qui
1351 1814 1755 1889 cohortatores
1777 1820 1835 1882 in
1851 1842 2057 1909 pugna.
2069 1821 2202 1889 Ro·
2230 1815 2317 1877 '‘iu-

196 1928 524 1972 manorum
540 1903 770 1969 eosdem
784 1903 896 1969 hos
912 1903 1292 1975 facit.V‚ert‘1m
1309 1903 1405 1970 hic
1419 1927 1535 1993 ego
1552 1909 1712 1972 sutor
1728 1909 1894 1996 supra
1911 1912 2204 1999 crepidam

199 1995 402 2085 longe.
417 1995 532 2062 Sed
547 1994 622 2060 fic
634 1997 845 2082 accepi.
862 1993 1055 2066 Placet
1068 2017 1283 2075 autem,
1296 1994 1399 2070 nisi
1412 1998 1604 2086 aliqua
1621 2000 2100 2087 interpretatione
2113 2025 2204 2068 res

200 2089 364 2152 aliter
381 2104 799 2176 componatur,
815 2088 913 2175 qui
920 2109 954 2150 a
969 2087 1289 2175 prouerbio
1305 2090 1485 2155 etiam
1516 2089 1613 2155 vsu
1621 2111 1854 2177 rpatum
1881 2092 2056 2160 tradit
2081 2095 2220 2162 Po-·
2237 2092 2316 2141 ⁴³⁶
2332 2111 2377 2155 4·

201 2178 397 2264 lybius
414 2230 434 2255 ,
452 2177 670 2242 hastam
689 2188 750 2242 ὃς
769 2175 1086 2249 caduceum
1100 2198 1165 2243 vt
1180 2177 1439 2243 dicerent
1453 2180 1747 2267 probello
1761 2205 1828 2246 ac
1842 2203 2006 2270 pace.
2033 2193 2121 2256 Vt
2135 2185 2221 2250 li:

199 2291 323 2335 ceat
338 2268 492 2334 recte
508 2268 780 2355 iudicare,
795 2267 1029 2335 caducei
1044 2291 1271 2333 nomen
1288 2274 1438 2357 pacis
1468 2267 1953 2359 significationem
1971 2273 2199 2344 habere.

206 2359 406 2444 Quod>
427 2372 487 2425 ὃς
505 2361 814 2446 proximus
832 2357 999 2426 Sudae
1017 2360 1179 2426 locus
1197 2358 1475 2429 ostendit:
1497 2373 1559 2429 δε
1577 2362 1805 2438 Gellius
1822 2364 2020 2433 dicens
2037 2367 2200 2450 belli,
2239 2376 2490 2436 zib--r-c·27·

198 2450 458 2541 PadsqUe
472 2447 634 2542 signa
651 2450 875 2521 hastam
894 2504 912 2531 2
933 2453 1384 2545 *caduceumque
1405 2458 1477 2523 Et
1490 2456 1653 2547 quod
1671 2457 2038 2527 Ammianus
2066 2460 2201 2528 scri·
2235 2451 2282 2496 Ἀ
2295 2444 2443 2506 ²³b·²5·

197 2543 287 2608 bit
300 2595 319 2621 ,
342 2564 745 2631 nuncupatum
764 2544 1064 2612 Iulianum
1082 2545 1238 2636 quafi
1255 2547 1572 2614 caduceum
1590 2549 1954 2630 mundanum
1979 2552 2205 2630 lenien-

195 2653 335 2699 tem.
352 2634 533 2702 Addo
549 2636 817 2722 Plinium
833 2688 849 2714 ,
879 2639 980 2724 qui
1012 2639 1171 2704 libro
1199 2638 1488 2728 ‚vigesimo
1507 2664 1694 2720 none,
1713 2644 1895 2730 capite
1909 2646 2085 2710 tertio
2102 2695 2123 2722 ,
2140 2659 2214 2712 Sc,

196 2725 327 2802 alia,
342 2737 405 2790 &c
424 2723 549 2791 haec
561 2727 633 2791 ad
650 2749 777 2793 rem
799 2726 1135 2815 praesentem
1154 2732 1387 2796 extulit:
1418 2736 1533 2796 Hic
1549 2749 1743 2796 tamen
1772 2735 2090 2824 complexus
2103 2759 2207 2802 an-

189 2821 405 2904 guium,
421 2813 869 2905 &efferatorum
883 2818 1193 2897 concordia,
1208 2822 1386 2915 cauffa
1415 2823 1648 2889 videtur
1677 2823 1803 2913 effl’,
1817 2848 1987 2915 quare
2001 2844 2207 2893 exterae

187 2926 390 2997 gentes
404 2906 695 2998 caduceum
713 2916 778 2973 in
795 2918 946 2997 pacis
972 2922 1319 3001 argumento}
1345 2914 1687 2981 circumdata
1718 2910 1914 3008 effigie
1940 2925 2207 3007 anguium

175 2996 460 3080 fecerint.
497 3011 700 3091 Neque
729 3007 883 3065 enim
914 3004 1165 3090 cristatos
1190 3006 1296 3092 effi
1321 3011 1386 3070 in
1401 3010 1630 3072 caduceo
1646 3058 1663 3085 ,
1682 3021 1810 3073 'mos'
1836 3007 1913 3096 est
1929 3007 2057 3085 &a
2092 3010 2207 3077 Sed

195 3089 448 3179 quidest,
463 3095 627 3180 quod
645 3095 718 3157 de
733 3097 938 3161 exteris
958 3099 1229 3183 gentibus
1248 3097 1473 3165 Plinius
1486 3097 1702 3177 scribit,
1719 3111 1781 3165 δε
1797 3123 1908 3166 nos
1928 3125 2065 3167 cum
2082 3103 2205 3190 ipso

194 3182 354 3246 idern
370 3180 743 3256 ,affirmamus
763 3196 785 3247 ?
830 3183 1095 3252 Attende
1125 3190 1445 3277 quomodo
1486 3182 1840 3279 quaestiones
1875 3184 2203 3258 nectantur.

197 3271 416 3337 Narrat
430 3274 681 3353 Gellius,
697 3300 730 3340 a
749 3274 1036 3361 QFabio
1057 3280 1419 3368 Imperatore
1435 3283 1621 3348 Rom.
1645 3281 1950 3370 epistolam
1967 3284 2036 3348 ad
2054 3285 2207 3349 Car-.-

198 3363 511 3461 taginenses
529 3365 833 3455 scriptam,
852 3392 963 3456 qua
981 3369 1182 3452 ijsdem
1201 3369 1661 3462 significabatur,
1673 3375 1876 3440 Roma
1891 3373 2113 3439 hastam
2130 3371 2205 3438 ad

201 3450 360 3541 lpsOS
378 3453 602 3527 mistam
623 3508 639 3536 ,
658 3470 719 3525 δε
739 3460 1080 3556 caduceum,
1096 3461 1236 3529 belli
1252 3513 1273 3545 ,
1302 3468 1563 3557 pacisque
1588 3464 1785 3555 ligna:
1810 3466 1904 3533 vel
1926 3476 1945 3545 (
1964 3465 2208 3555 vtvole3
