2823 3903
575 98 666 153 60
873 33 875 39 ’
1066 80 1200 150 DE
1291 80 2097 152 LEoArtoNtssvs

584 214 790 259 mento
822 195 1036 259 remitti
1056 195 1129 261 de
1158 196 1396 261 summo
1413 201 1540 263 iure
1571 197 1805 262 solitum
1825 249 1841 275 ,
1871 194 2255 263 certissimum
2289 195 2386 261 est.
2501 194 2605 265 uid

581 309 819 374 quoqne
835 283 874 349 fi
891 309 1028 350 cum
1046 288 1549 375 exulemGentius
1577 287 1836 378 legatum
1872 291 2141 377 excepit?
2173 310 2413 376 excepto
2430 289 2607 353 dene-

585 399 724 463 gare
748 400 892 442 mox
909 377 1219 464 leganonis
1243 381 1254 440 i
1264 400 1359 443 nra
1379 403 1502 443 non
1523 382 1733 469 potuit.
1757 379 1956 470 Atque
1976 381 2094 444 hoc
2110 379 2377 469 est‚quod
2396 401 2605 444 contra

586 466 888 532 Medicem
908 469 1117 534 adduci
1138 471 1303 532 valet.
1326 493 1464 534 nam
1495 470 1860 537 issubditum
1882 473 2050 536 illum
2079 469 2400 538 Pontificis
2417 469 2605 534 admi-

585 558 709 625 susc
725 559 978 648 legatum
997 560 1152 626 visus
1172 558 1684 628 cst.EtFranc1scus
1702 560 1915 629 Sfortia
1932 561 2264 628 Mediolani
2280 561 2429 628 Dux
2449 584 2609 627 excr-

589 673 715 715 ccrc
732 651 1109 715 dominicum
1131 653 1218 715 ins
1237 651 1295 713 in
1312 651 1573 740 legatum
1590 654 1775 743 Regis
1807 655 2127 720 Gallorum
2144 656 2402 742 nequiit,
2429 675 2609 742 quem
2656 672 2660 675 ·

590 741 886 830 legatione
902 741 1052 828 apud
1072 741 1124 805 se
1141 740 1309 831 fungi
1326 742 1666 830 patiebatur.
1686 766 1856 832 atque
1871 746 2036 834 quod
2054 746 2223 810 illum
2244 750 2479 822 necarit,
2495 744 2607 808 do-

590 836 760 903 minij
784 829 974 896 isthoc
987 854 1271 921 praetcxtu
1289 857 1410 898 non
1430 835 1582 899 rest&
1599 835 2132 903 excusabaturNec
2144 834 2293 902 vero
2317 837 2453 901 huic
2470 833 2613 899 defi-

239 948 552 1015 maamp,
595 925 807 987 nitioni
829 945 1018 1000 nocet,
1033 923 1198 1013 quod
1215 923 1286 988 de
1307 923 1644 990 Menandro
1662 924 1926 1014 quodam
1941 925 2214 991 traditum
2231 951 2263 990 a
2279 927 2494 992 nostris
2513 924 2609 990 cst.

245 1480 412 1540 lib44.

255 2319 415 2384 Lib36.
497 2320 505 2325 ’

592 1013 756 1104 quod
774 1013 1130 1080 scilicetficut
1149 1018 1209 1078 in
1228 1016 1527 1080 nolentem
1544 1016 1717 1081 illum
1730 1068 1749 1095 ‚
1773 1040 1968 1082 ciuem
1984 1016 2253 1082 hostium
2269 1016 2511 1095 fastum,
2529 1019 2611 1083 ci-

595 1129 743 1172 tutas
764 1105 858 1170 sna
882 1107 1050 1172 suum
1073 1107 1157 1171 ius
1178 1130 1301 1171 non
1317 1111 1583 1172 resumit:
1604 1109 1681 1185 ita
1699 1110 1759 1172 in
1778 1109 2014 1174 exulem
2031 1105 2209 1172 istum
2232 1131 2340 1173 nec
2355 1109 2613 1197 quidqufi

599 1197 946 1264 huiusmod1
966 1197 1299 1263 resumatur.
1335 1200 1490 1264 Exul
1507 1202 1671 1264 enim
1701 1212 1761 1265 ὃς
1781 1197 2210 1288 proficiscendo
2227 1219 2449 1288 peccat,
2471 1210 2532 1264 ὃς
2551 1200 2614 1263 in

601 1291 844 1354 alteram
864 1292 1161 1355 ciuitatem
1179 1289 1341 1354 nulla
1355 1293 1637 1378 principis
1653 1342 1671 1368 ‚
1686 1295 1788 1379 qui
1807 1294 1867 1355 in
1886 1292 2131 1357 exilium
2150 1291 2347 1381 abegit
2360 1343 2377 1369 ,
2397 1291 2617 1356 volun-

603 1403 712 1447 tate
731 1381 963 1458 vcniffe,
979 1380 1166 1469 potest
1188 1379 1837 1447 existimare.Secundus
1856 1378 2008 1447 casus
2031 1381 2369 1447 hic.Narrat
2385 1383 2617 1460 Linum,

604 1471 1013 1538 caduceatores
1030 1471 1215 1538 Persei
1235 1492 1489 1538 retentos
1510 1497 1542 1538 a
1565 1474 1636 1540 P.
1660 1473 1922 1538 AEmilio
1937 1524 1956 1552 ,
1980 1472 2052 1537 ad
2069 1495 2246 1562 quem
2268 1473 2616 1563 illelegarat.

606 1565 750 1629 Hoc
767 1564 910 1653 quid
930 1563 1034 1630 est?
1050 1564 1260 1631 Vistus
1275 1563 1763 1656 Persea,totoquc
1774 1586 1980 1633 exutus
2009 1587 2199 1655 regno
2217 1564 2360 1653 quid
2391 1569 2518 1630 iura
2534 1586 2617 1629 re-

605 1679 754 1745 gum
768 1655 964 1721 voluit
980 1656 1282 1746 vsurpare?
1301 1658 1402 1722 Sic
1418 1656 1514 1721 ille
1530 1656 1685 1722 idem
1702 1659 2020 1724 Romanus
2052 1679 2160 1722 nec
2179 1656 2394 1722 litteras
2411 1655 2621 1745 digna-

606 1770 695 1812 tus
713 1746 901 1814 Persei
920 1745 999 1809 est
1015 1799 1033 1824 ,
1053 1752 1112 1811 in
1131 1748 1344 1837 quibus
1357 1750 1405 1811 is
1424 1747 1480 1810 [ὲ
1498 1769 1698 1836 regem
1713 1747 2082 1816 nominabat.
2112 1771 2178 1814 ac
2206 1770 2278 1812 eo
2308 1767 2622 1836 propterea

606 1839 785 1904 titulo
811 1860 965 1902 mox
994 1837 1289 1903 abstinuit.
1327 1836 1430 1902 Ad
1459 1860 1660 1927 regern
1681 1860 1823 1928 ergo
1841 1838 2268 1926 Hispaniarum
2299 1836 2481 1903 hodie
2507 1859 2619 1926 pro
2707 1822 2721 1837 Ἰ
2802 1904 2806 1911 Α

608 1929 912 2007 Antonio,
928 1950 1116 2018 regno
1134 1927 1441 1994 Lusitaniae
1456 1932 1670 2009 εἰεᾶο,
1695 1937 1825 2021 quis
1843 1933 1949 1996 iret
1962 1929 2187 2020 legatus
2205 1941 2228 1994 ἓ
2260 1930 2467 1995 Immo
2484 1928 2620 1993 dedi

608 2022 931 2086 hominem
947 2018 1142 2099 fibi‚&
1161 2044 1249 2087 res
1265 2021 1387 2094 suas
1407 2045 1620 2088 omnes
1636 2043 1855 2112 peteret
1872 2021 2127 2112 populus
2147 2021 2484 2100 Romanus,
2498 2020 2623 2097 alij-

610 2132 810 2202 que.vt
825 2135 898 2178 ex
914 2113 1216 2178 Plutarchi
1247 2114 1502 2179 Lucullo
1517 2166 1537 2192 ,
1556 2113 1995 2204 Xenophontis
2024 2113 2184 2180 libro
2199 2116 2404 2202 primo
2421 2135 2623 2178 rerum

611 2205 980 2281 Graecarum,
999 2216 1061 2270 Sc
1075 2206 1148 2269 ali
1152 2212 1172 2282 j
1179 2230 1202 2270 s
1219 2205 1421 2272 videre
1436 2206 1590 2272 licet.
1605 2205 2096 2296 Vltimum,quod
2112 2203 2623 2285 v'010‚est.Deden-

610 2296 769 2361 tibus
794 2299 848 2361 se
876 2319 974 2386 per
1005 2298 1228 2386 legatos
1247 2298 1466 2363 AEtolis
1497 2300 1748 2387 imperat
1758 2298 1955 2364 consul
1968 2349 1986 2375 ,
2018 2296 2124 2363 fibi
2152 2296 2434 2386 quosdam
2466 2294 2622 2362 dedi.

612 2397 759 2455 ‘Tum
778 2399 800 2470 (
818 2390 930 2454 reci
939 2409 1004 2454 to
1019 2412 1092 2456 ex
1107 2390 1292 2455 Liuio
1307 2395 1327 2463 )
1337 2394 1598 2479 princeps
1611 2389 1922 2478 legationis:
1939 2400 2080 2454 Non
2091 2393 2159 2454 in
2162 2382 2517 2474 seruitutem,
2520 2384 2629 2474 fed

607 2486 674 2546 in
672 2479 855 2568 fidem
868 2497 1025 2546 tuam
1038 2505 1137 2546 nos
1149 2479 1455 2548 tradimus:
1481 2481 1558 2558 ά*
1571 2499 1786 2547 certum
1799 2478 1969 2545 habeo
1987 2533 2004 2560 ‚
2030 2498 2090 2547 te
2099 2478 2476 2570 imprudentia
2489 2476 2621 2549 labtss

608 2578 708 2663 qui
720 2569 873 2638 nobis
884 2578 1138 2664 imperes,
1153 2598 1264 2665 quae
1276 2582 1443 2640 moris
1458 2584 1765 2641 Graecorum
1777 2573 2029 2659 nonstnt.
2044 2570 2141 2636 Ad
2152 2569 2258 2636 haec
2276 2571 2474 2660 constal:
2496 2582 2623 2636 Nec

612 2666 855 2730 Hercule
866 2686 1197 2758 magnopere
1212 2689 1358 2731 nunc
1373 2690 1501 2732 curo
1515 2717 1532 2746 ‚
1548 2665 1689 2758 quid
1697 2666 1892 2732 Aetoli
1907 2667 2047 2751 satis
2058 2688 2133 2730 ex
2148 2687 2299 2731 more
2315 2673 2625 2731 Graecorum

599 2756 827 2843 fastum
847 2758 953 2847 effe
966 2759 1225 2848 censt’ant
1240 2787 1258 2823 .·
1283 2757 1416 2823 dum
1434 2783 1534 2849 ego
1560 2782 1714 2824 more
1741 2771 1980 2824 Romano
2005 2760 2307 2849 imperium
2320 2763 2386 2824 in
2408 2753 2624 2821 deditos

614 2843 861 2913 habeam.
881 2862 1072 2940 ltaque
1083 2856 1150 2915 ni
1164 2850 1394 2942 propere
1391 2852 1478 2936 fit
1491 2902 1510 2930 ‚
1536 2850 1683 2942 quod
1688 2857 1897 2942 impero
1915 2902 1931 2931 ‚
1957 2853 2188 2917 vinciri
2200 2875 2306 2916 vos
2320 2856 2437 2916 iam
2446 2843 2619 2914 iubeo,

613 2936 911 3031 afferrique
929 2960 1175 3025 catenas,
1197 2941 1274 3019 ἄν
1291 2941 1683 3031 circumfistere
1695 2944 1920 3009 libiores
1932 2944 2100 3030 iussit.
2129 2941 2232 3008 An
2251 2941 2521 3028 fafitump
2529 2962 2627 3023 rof

616 3032 853 3100 bamus?
878 3035 948 3099 In
970 3034 1182 3100 selectis
1195 3036 1442 3122 Polybij
1461 3037 1534 3100 de
1551 3035 1949 3126 legationibus
1966 3033 2213 3100 candem
2231 3030 2512 3097 habemus
2529 3028 2624 3094 hi·-

614 3123 882 3190 storiam.
913 3124 990 3188 Et
1008 3148 1195 3190 narrat
1221 3124 1322 3190 iste
1335 3179 1352 3204 ‚
1379 3125 1661 3195 adstantes
1691 3129 2009 3195 Romanos
2029 3124 2272 3215 'pudore
2287 3120 2371 3187 ob
2398 3120 2624 3187 facium

616 3210 858 3283 suffusos
889 3244 901 3281 :
933 3213 1101 3306 quod
1115 3215 1190 3282 fic
1204 3220 1269 3280 in
1295 3218 1520 3306 legatos
1545 3240 1813 3308 ageretur
1838 3217 2086 3308 publico
2116 3238 2229 3282 con
2237 3214 2378 3280 cilio
2394 3214 2620 3280 missos,

616 3307 783 3375 Mihi
800 3310 975 3374 etiam
991 3307 1256 3398 asperum
1282 3306 1499 3372 fastum
1517 3311 1775 3379 videtur:
1806 3312 1942 3398 quia
1961 3303 2149 3374 verbo
2167 3327 2404 3397 captum
2421 3306 2622 3396 legatt't

618 3400 658 3465 s1
673 3404 802 3490 quis
818 3402 1060 3467 retinere
1077 3401 1371 3492 irretitum
1385 3400 1529 3470 velit
1545 3427 1558 3472 ;
1576 3426 1705 3493 quae
1719 3398 1910 3493 potest
1926 3399 2087 3467 bona
2101 3396 2244 3492 fides
2262 3412 2286 3482 <
2302 3397 2420 3466 hoc
2436 3397 2516 3465 est
2534 3407 2624 3463 ius

2481 3511 2628 3580 gen:
