<?xml version="1.0" encoding="UTF-8"?>
<!DOCTYPE html PUBLIC "-//W3C//DTD XHTML 1.0 Transitional//EN"
    "http://www.w3.org/TR/xhtml1/DTD/xhtml1-transitional.dtd">
<html xmlns="http://www.w3.org/1999/xhtml" xml:lang="en" lang="en">
 <head>
  <title>
</title>
<meta http-equiv="Content-Type" content="text/html;charset=utf-8" />
  <meta name='ocr-system' content='tesseract 3.04.00' />
  <meta name='ocr-capabilities' content='ocr_page ocr_carea ocr_par ocr_line ocrx_word'/>
</head>
<body>
  <div class='ocr_page' id='page_1' title='image "./albericigentilis00gent_0136.png"; bbox 0 0 2823 3903; ppageno 0'>
   <div class='ocr_carea' id='block_1_1' title="bbox 537 113 2590 416">
    <p class='ocr_par' dir='ltr' id='par_1_1' title="bbox 537 113 2590 416">
     <span class='ocr_line' id='line_1_1' title="bbox 537 113 2091 210; baseline 0 -24"><span class='ocrx_word' id='word_1_1' title='bbox 537 134 698 210; x_wconf 74' lang='grc' dir='ltr'>ι14-”</span> <span class='ocrx_word' id='word_1_2' title='bbox 1053 118 1188 210; x_wconf 67' lang='lat' dir='ltr'>DE</span> <span class='ocrx_word' id='word_1_3' title='bbox 1250 113 2091 188; x_wconf 54' lang='lat' dir='ltr'><strong>“LEGATI&#39;ONIBVS</strong></span> 
     </span>
     <span class='ocr_line' id='line_1_2' title="bbox 1343 240 2590 305; baseline -0.01 -6"><span class='ocrx_word' id='word_1_4' title='bbox 1343 240 1549 301; x_wconf 53' lang='lat' dir='ltr'>CAR</span> <span class='ocrx_word' id='word_1_5' title='bbox 1641 242 1777 299; x_wconf 58' lang='lat' dir='ltr'>xm</span> <span class='ocrx_word' id='word_1_6' title='bbox 2576 275 2590 305; x_wconf 68' lang='grc'><strong>,</strong></span> 
     </span>
     <span class='ocr_line' id='line_1_3' title="bbox 1037 322 2037 416; baseline 0.001 -26"><span class='ocrx_word' id='word_1_7' title='bbox 1037 333 1128 390; x_wconf 88' lang='lat' dir='ltr'>De</span> <span class='ocrx_word' id='word_1_8' title='bbox 1127 323 1432 416; x_wconf 73' lang='lat' dir='ltr'>prudentia</span> <span class='ocrx_word' id='word_1_9' title='bbox 1449 338 1804 416; x_wconf 58' lang='lat' dir='ltr'>agnorunt,</span> <span class='ocrx_word' id='word_1_10' title='bbox 1819 322 2037 414; x_wconf 58' lang='lat' dir='ltr'>&amp;fida</span> 
     </span>
    </p>
   </div>
   <div class='ocr_carea' id='block_1_2' title="bbox 214 505 2674 3597">
    <p class='ocr_par' dir='ltr' id='par_1_2' title="bbox 214 505 2674 3597">
     <span class='ocr_line' id='line_1_4' title="bbox 672 505 2593 599; baseline 0.002 -23"><span class='ocrx_word' id='word_1_11' title='bbox 672 543 694 559; x_wconf 50' lang='grc' dir='ltr'><strong>ν</strong></span> <span class='ocrx_word' id='word_1_12' title='bbox 875 505 1102 576; x_wconf 76' lang='lat' dir='ltr'>Tvero</span> <span class='ocrx_word' id='word_1_13' title='bbox 1129 530 1194 574; x_wconf 90' lang='lat' dir='ltr'>vt</span> <span class='ocrx_word' id='word_1_14' title='bbox 1222 528 1481 598; x_wconf 84' lang='lat' dir='ltr'>coeptam</span> <span class='ocrx_word' id='word_1_15' title='bbox 1505 505 1964 599; x_wconf 72' lang='lat' dir='ltr'>disputationem</span> <span class='ocrx_word' id='word_1_16' title='bbox 1985 535 2055 579; x_wconf 85' lang='lat' dir='ltr'>ex</span> <span class='ocrx_word' id='word_1_17' title='bbox 2075 509 2290 577; x_wconf 79' lang='lat' dir='ltr'>ordine</span> <span class='ocrx_word' id='word_1_18' title='bbox 2315 509 2564 580; x_wconf 53' lang='lat' dir='ltr'>resumass</span> <span class='ocrx_word' id='word_1_19' title='bbox 2588 547 2593 551; x_wconf 92' lang='lat'>·</span> 
     </span>
     <span class='ocr_line' id='line_1_5' title="bbox 808 598 2567 690; baseline 0.004 -27"><span class='ocrx_word' id='word_1_20' title='bbox 808 634 819 688; x_wconf 64' lang='grc' dir='ltr'>ᾗ</span> <span class='ocrx_word' id='word_1_21' title='bbox 872 623 996 666; x_wconf 84' lang='lat' dir='ltr'>mus</span> <span class='ocrx_word' id='word_1_22' title='bbox 1013 652 1033 678; x_wconf 89' lang='lat'><em>,</em></span> <span class='ocrx_word' id='word_1_23' title='bbox 1059 599 1360 688; x_wconf 74' lang='lat' dir='ltr'>agitedum</span> <span class='ocrx_word' id='word_1_24' title='bbox 1376 598 1764 690; x_wconf 78' lang='lat' dir='ltr'>,quaestiones</span> <span class='ocrx_word' id='word_1_25' title='bbox 1778 600 1981 669; x_wconf 84' lang='lat' dir='ltr'>defide</span> <span class='ocrx_word' id='word_1_26' title='bbox 2010 605 2413 671; x_wconf 82' lang='lat' dir='ltr'>examinemus</span> <span class='ocrx_word' id='word_1_27' title='bbox 2431 604 2503 670; x_wconf 90' lang='lat' dir='ltr'>ad</span> <span class='ocrx_word' id='word_1_28' title='bbox 2520 608 2567 670; x_wconf 89' lang='lat' dir='ltr'>i-</span> 
     </span>
     <span class='ocr_line' id='line_1_6' title="bbox 614 684 2562 781; baseline 0.004 -28"><span class='ocrx_word' id='word_1_29' title='bbox 614 684 648 701; x_wconf 67' lang='lat'>&#39;⁴</span> <span class='ocrx_word' id='word_1_30' title='bbox 682 752 693 774; x_wconf 37' lang='lat'>⁸</span> <span class='ocrx_word' id='word_1_31' title='bbox 728 715 747 722; x_wconf 38' lang='lat'>⁸</span> <span class='ocrx_word' id='word_1_32' title='bbox 794 705 802 719; x_wconf 63' lang='lat'><em>⁶</em></span> <span class='ocrx_word' id='word_1_33' title='bbox 874 691 1021 756; x_wconf 85' lang='lat' dir='ltr'>stum</span> <span class='ocrx_word' id='word_1_34' title='bbox 1037 689 1314 779; x_wconf 86' lang='lat' dir='ltr'><strong>lapidem.</strong></span> <span class='ocrx_word' id='word_1_35' title='bbox 1345 689 1460 757; x_wconf 78' lang='lat' dir='ltr'>Illa</span> <span class='ocrx_word' id='word_1_36' title='bbox 1478 711 1694 769; x_wconf 84' lang='lat' dir='ltr'>autem,</span> <span class='ocrx_word' id='word_1_37' title='bbox 1709 715 1839 781; x_wconf 74' lang='lat' dir='ltr'>quae</span> <span class='ocrx_word' id='word_1_38' title='bbox 1855 696 2098 761; x_wconf 84' lang='lat' dir='ltr'>incurrit</span> <span class='ocrx_word' id='word_1_39' title='bbox 2154 695 2323 772; x_wconf 91' lang='lat' dir='ltr'>rima,</span> <span class='ocrx_word' id='word_1_40' title='bbox 2339 695 2562 761; x_wconf 81' lang='lat' dir='ltr'>nullam</span> 
     </span>
     <span class='ocr_line' id='line_1_7' title="bbox 877 779 2566 876; baseline 0.004 -30.091"><span class='ocrx_word' id='word_1_41' title='bbox 877 782 1046 847; x_wconf 69' lang='lat' dir='ltr'>habet</span> <span class='ocrx_word' id='word_1_42' title='bbox 1057 779 1879 872; x_wconf 71' lang='lat' dir='ltr'>difficultatem,Sitlegatu3,vt</span> <span class='ocrx_word' id='word_1_43' title='bbox 1890 782 2080 850; x_wconf 86' lang='lat' dir='ltr'>fidum</span> <span class='ocrx_word' id='word_1_44' title='bbox 2117 808 2148 849; x_wconf 89' lang='lat' dir='ltr'>e</span> <span class='ocrx_word' id='word_1_45' title='bbox 2161 784 2566 876; x_wconf 62' lang='lat' dir='ltr'>domino&#39;pre-</span> 
     </span>
     <span class='ocr_line' id='line_1_8' title="bbox 560 870 2586 962; baseline 0.003 -24"><span class='ocrx_word' id='word_1_46' title='bbox 560 871 668 939; x_wconf 88' lang='lat' dir='ltr'>stet</span> <span class='ocrx_word' id='word_1_47' title='bbox 683 873 814 951; x_wconf 86' lang='lat' dir='ltr'>suo,</span> <span class='ocrx_word' id='word_1_48' title='bbox 827 898 861 938; x_wconf 92' lang='lat' dir='ltr'>a</span> <span class='ocrx_word' id='word_1_49' title='bbox 872 872 992 939; x_wconf 83' lang='lat' dir='ltr'>fide</span> <span class='ocrx_word' id='word_1_50' title='bbox 1004 871 1195 962; x_wconf 80' lang='lat' dir='ltr'>potest</span> <span class='ocrx_word' id='word_1_51' title='bbox 1207 870 1493 938; x_wconf 81' lang='lat' dir='ltr'>discedere</span> <span class='ocrx_word' id='word_1_52' title='bbox 1507 923 1530 951; x_wconf 87' lang='lat'>‚</span> <span class='ocrx_word' id='word_1_53' title='bbox 1557 895 1738 961; x_wconf 87' lang='lat' dir='ltr'>quarn</span> <span class='ocrx_word' id='word_1_54' title='bbox 1763 872 1905 939; x_wconf 89' lang='lat' dir='ltr'>Deo</span> <span class='ocrx_word' id='word_1_55' title='bbox 1921 873 2106 940; x_wconf 79' lang='lat' dir='ltr'>debet·</span> <span class='ocrx_word' id='word_1_56' title='bbox 2138 875 2586 944; x_wconf 68' lang='lat' dir='ltr'>sceleratorum⁴</span> 
     </span>
     <span class='ocr_line' id='line_1_9' title="bbox 561 962 2568 1059; baseline 0.003 -30"><span class='ocrx_word' id='word_1_57' title='bbox 561 964 887 1050; x_wconf 79' lang='lat' dir='ltr'>hominum</span> <span class='ocrx_word' id='word_1_58' title='bbox 899 1015 918 1044; x_wconf 90' lang='lat'>,</span> <span class='ocrx_word' id='word_1_59' title='bbox 933 967 1375 1054; x_wconf 83' lang='lat' dir='ltr'>mancipiorum</span> <span class='ocrx_word' id='word_1_60' title='bbox 1391 962 1887 1053; x_wconf 83' lang='lat' dir='ltr'>turpiffimorum,</span> <span class='ocrx_word' id='word_1_61' title='bbox 1898 968 2074 1033; x_wconf 91' lang='lat' dir='ltr'>Oreo</span> <span class='ocrx_word' id='word_1_62' title='bbox 2093 963 2455 1032; x_wconf 85' lang='lat' dir='ltr'>deuotorum</span> <span class='ocrx_word' id='word_1_63' title='bbox 2471 994 2568 1059; x_wconf 87' lang='lat' dir='ltr'>pe-</span> 
     </span>
     <span class='ocr_line' id='line_1_10' title="bbox 558 1054 2674 1145; baseline 0.002 -25"><span class='ocrx_word' id='word_1_64' title='bbox 558 1059 798 1121; x_wconf 70' lang='lat' dir='ltr'>&amp;orum</span> <span class='ocrx_word' id='word_1_65' title='bbox 819 1079 998 1122; x_wconf 80' lang='lat' dir='ltr'>voces</span> <span class='ocrx_word' id='word_1_66' title='bbox 1014 1056 1127 1121; x_wconf 82' lang='lat' dir='ltr'>illae</span> <span class='ocrx_word' id='word_1_67' title='bbox 1149 1056 1297 1137; x_wconf 89' lang='lat' dir='ltr'>sunt,</span> <span class='ocrx_word' id='word_1_68' title='bbox 1316 1056 1401 1121; x_wconf 92' lang='lat' dir='ltr'>illi</span> <span class='ocrx_word' id='word_1_69' title='bbox 1416 1058 1604 1121; x_wconf 88' lang='lat' dir='ltr'>animi</span> <span class='ocrx_word' id='word_1_70' title='bbox 1620 1054 1746 1121; x_wconf 84' lang='lat' dir='ltr'>sunt</span> <span class='ocrx_word' id='word_1_71' title='bbox 1757 1055 2109 1137; x_wconf 85' lang='lat' dir='ltr'>dicentium,</span> <span class='ocrx_word' id='word_1_72' title='bbox 2125 1067 2337 1122; x_wconf 82' lang='lat' dir='ltr'>nutum</span> <span class='ocrx_word' id='word_1_73' title='bbox 2352 1062 2570 1145; x_wconf 88' lang='lat' dir='ltr'>princi·</span> <span class='ocrx_word' id='word_1_74' title='bbox 2669 1080 2674 1086; x_wconf 84' lang='lat'><em>·</em></span> 
     </span>
     <span class='ocr_line' id='line_1_11' title="bbox 558 1145 2596 1239; baseline 0 -25"><span class='ocrx_word' id='word_1_75' title='bbox 558 1149 660 1237; x_wconf 84' lang='lat' dir='ltr'>pis-</span> <span class='ocrx_word' id='word_1_76' title='bbox 672 1147 831 1213; x_wconf 84' lang='lat' dir='ltr'>suam</span> <span class='ocrx_word' id='word_1_77' title='bbox 849 1145 958 1213; x_wconf 84' lang='lat' dir='ltr'>effe</span> <span class='ocrx_word' id='word_1_78' title='bbox 971 1151 1034 1212; x_wconf 85' lang='lat' dir='ltr'>in</span> <span class='ocrx_word' id='word_1_79' title='bbox 1050 1146 1457 1214; x_wconf 73' lang='lat' dir='ltr'>Deum&#39;ftdem</span> <span class='ocrx_word' id='word_1_80' title='bbox 1473 1199 1494 1229; x_wconf 81' lang='grc'>,</span> <span class='ocrx_word' id='word_1_81' title='bbox 1512 1147 1676 1214; x_wconf 83' lang='lat' dir='ltr'>suam</span> <span class='ocrx_word' id='word_1_82' title='bbox 1691 1148 2070 1239; x_wconf 84' lang='lat' dir='ltr'>religi-onem.</span> <span class='ocrx_word' id='word_1_83' title='bbox 2085 1150 2291 1239; x_wconf 88' lang='lat' dir='ltr'>Itaque</span> <span class='ocrx_word' id='word_1_84' title='bbox 2305 1170 2410 1214; x_wconf 89' lang='lat' dir='ltr'>nec</span> <span class='ocrx_word' id='word_1_85' title='bbox 2423 1170 2572 1216; x_wconf 59' lang='lat' dir='ltr'>tem⁴</span> <span class='ocrx_word' id='word_1_86' title='bbox 2592 1196 2596 1200; x_wconf 87' lang='lat'><em>-</em></span> 
     </span>
     <span class='ocr_line' id='line_1_12' title="bbox 557 1238 2572 1332; baseline 0.001 -26"><span class='ocrx_word' id='word_1_87' title='bbox 557 1242 833 1328; x_wconf 78' lang='lat' dir='ltr'>porarius</span> <span class='ocrx_word' id='word_1_88' title='bbox 848 1241 1067 1325; x_wconf 78' lang='lat' dir='ltr'>legatus</span> <span class='ocrx_word' id='word_1_89' title='bbox 1082 1239 1300 1324; x_wconf 80' lang='lat' dir='ltr'>audiet,</span> <span class='ocrx_word' id='word_1_90' title='bbox 1311 1238 1356 1305; x_wconf 85' lang='lat' dir='ltr'>si</span> <span class='ocrx_word' id='word_1_91' title='bbox 1370 1240 1515 1330; x_wconf 88' lang='lat' dir='ltr'>quid</span> <span class='ocrx_word' id='word_1_92' title='bbox 1533 1241 1722 1331; x_wconf 71' lang='lat' dir='ltr'>ipsum</span> <span class='ocrx_word' id='word_1_93' title='bbox 1734 1264 1905 1332; x_wconf 86' lang='lat' dir='ltr'>agere</span> <span class='ocrx_word' id='word_1_94' title='bbox 1916 1245 2186 1332; x_wconf 83' lang='lat' dir='ltr'>princeps</span> <span class='ocrx_word' id='word_1_95' title='bbox 2201 1238 2344 1308; x_wconf 89' lang='lat' dir='ltr'>velit</span> <span class='ocrx_word' id='word_1_96' title='bbox 2360 1290 2378 1318; x_wconf 88' lang='lat'>‚</span> <span class='ocrx_word' id='word_1_97' title='bbox 2405 1240 2572 1331; x_wconf 88' lang='lat' dir='ltr'>quod</span> 
     </span>
     <span class='ocr_line' id='line_1_13' title="bbox 559 1329 2605 1426; baseline 0.002 -30"><span class='ocrx_word' id='word_1_98' title='bbox 559 1329 700 1397; x_wconf 82' lang='lat' dir='ltr'>fidei</span> <span class='ocrx_word' id='word_1_99' title='bbox 715 1329 858 1398; x_wconf 90' lang='lat' dir='ltr'>Deo</span> <span class='ocrx_word' id='word_1_100' title='bbox 874 1331 1163 1399; x_wconf 70' lang='lat' dir='ltr'>deuinstae</span> <span class='ocrx_word' id='word_1_101' title='bbox 1177 1333 1274 1398; x_wconf 84' lang='lat' dir='ltr'>vel</span> <span class='ocrx_word' id='word_1_102' title='bbox 1289 1331 1589 1413; x_wconf 69' lang='lat' dir='ltr'>tantillum¹</span> <span class='ocrx_word' id='word_1_103' title='bbox 1600 1331 1885 1422; x_wconf 83' lang='lat' dir='ltr'>derogare</span> <span class='ocrx_word' id='word_1_104' title='bbox 1895 1332 2183 1402; x_wconf 80' lang='lat' dir='ltr'>videatur.</span> <span class='ocrx_word' id='word_1_105' title='bbox 2213 1331 2571 1426; x_wconf 78' lang='lat' dir='ltr'>Qudenim</span> <span class='ocrx_word' id='word_1_106' title='bbox 2603 1357 2605 1359; x_wconf 87' lang='grc'>·</span> 
     </span>
     <span class='ocr_line' id='line_1_14' title="bbox 561 1421 2572 1514; baseline 0.002 -28"><span class='ocrx_word' id='word_1_107' title='bbox 561 1424 624 1488; x_wconf 89' lang='lat' dir='ltr'>in</span> <span class='ocrx_word' id='word_1_108' title='bbox 639 1422 1015 1512; x_wconf 83' lang='lat' dir='ltr'>obligatione</span> <span class='ocrx_word' id='word_1_109' title='bbox 1030 1426 1344 1514; x_wconf 75' lang='lat' dir='ltr'>omni,qua‘</span> <span class='ocrx_word' id='word_1_110' title='bbox 1353 1426 1482 1513; x_wconf 84' lang='lat' dir='ltr'>quis</span> <span class='ocrx_word' id='word_1_111' title='bbox 1499 1421 1744 1487; x_wconf 86' lang='lat' dir='ltr'>homini</span> <span class='ocrx_word' id='word_1_112' title='bbox 1757 1423 2072 1488; x_wconf 65' lang='lat' dir='ltr'>obstriftus</span> <span class='ocrx_word' id='word_1_113' title='bbox 2089 1424 2264 1502; x_wconf 87' lang='lat' dir='ltr'>est,fic</span> <span class='ocrx_word' id='word_1_114' title='bbox 2280 1425 2572 1514; x_wconf 82' lang='lat' dir='ltr'>obligatio</span> 
     </span>
     <span class='ocr_line' id='line_1_15' title="bbox 214 1507 2595 1604; baseline 0 -23"><span class='ocrx_word' id='word_1_115' title='bbox 214 1507 527 1588; x_wconf 43' lang='lat' dir='ltr'>restantis]</span> <span class='ocrx_word' id='word_1_116' title='bbox 561 1539 692 1581; x_wconf 90' lang='lat' dir='ltr'>non</span> <span class='ocrx_word' id='word_1_117' title='bbox 707 1517 1126 1604; x_wconf 86' lang='lat' dir='ltr'>excipitur,qua</span> <span class='ocrx_word' id='word_1_118' title='bbox 1139 1513 1283 1580; x_wconf 90' lang='lat' dir='ltr'>Deo</span> <span class='ocrx_word' id='word_1_119' title='bbox 1297 1533 1656 1594; x_wconf 87' lang='lat' dir='ltr'>tenemur‚vt</span> <span class='ocrx_word' id='word_1_120' title='bbox 1671 1516 1733 1580; x_wconf 89' lang='lat' dir='ltr'>in</span> <span class='ocrx_word' id='word_1_121' title='bbox 1747 1511 2020 1579; x_wconf 73' lang='lat' dir='ltr'>fidelitate</span> <span class='ocrx_word' id='word_1_122' title='bbox 2033 1511 2098 1579; x_wconf 84' lang='lat' dir='ltr'>fit</span> <span class='ocrx_word' id='word_1_123' title='bbox 2110 1513 2320 1581; x_wconf 87' lang='lat' dir='ltr'>feudali</span> <span class='ocrx_word' id='word_1_124' title='bbox 2335 1538 2470 1583; x_wconf 89' lang='lat' dir='ltr'>cum</span> <span class='ocrx_word' id='word_1_125' title='bbox 2486 1536 2576 1582; x_wconf 82' lang='lat' dir='ltr'>re·</span> <span class='ocrx_word' id='word_1_126' title='bbox 2590 1549 2595 1555; x_wconf 89' lang='lat'><strong>·</strong></span> 
     </span>
     <span class='ocr_line' id='line_1_16' title="bbox 560 1603 2576 1698; baseline 0 -25"><span class='ocrx_word' id='word_1_127' title='bbox 560 1631 636 1698; x_wconf 87' lang='lat' dir='ltr'>ge</span> <span class='ocrx_word' id='word_1_128' title='bbox 652 1619 715 1673; x_wconf 73' lang='lat' dir='ltr'>Sc</span> <span class='ocrx_word' id='word_1_129' title='bbox 732 1607 1138 1696; x_wconf 74' lang='lat' dir='ltr'>Imperatore?</span> <span class='ocrx_word' id='word_1_130' title='bbox 1157 1603 1456 1674; x_wconf 83' lang='lat' dir='ltr'>Rescribat</span> <span class='ocrx_word' id='word_1_131' title='bbox 1476 1628 1627 1694; x_wconf 85' lang='lat' dir='ltr'>ergo</span> <span class='ocrx_word' id='word_1_132' title='bbox 1644 1604 1868 1693; x_wconf 85' lang='lat' dir='ltr'>legatus</span> <span class='ocrx_word' id='word_1_133' title='bbox 1879 1605 2162 1696; x_wconf 87' lang='lat' dir='ltr'>principi,</span> <span class='ocrx_word' id='word_1_134' title='bbox 2178 1606 2424 1675; x_wconf 88' lang='lat' dir='ltr'>obedire</span> <span class='ocrx_word' id='word_1_135' title='bbox 2453 1611 2506 1673; x_wconf 86' lang='lat' dir='ltr'>ei</span> <span class='ocrx_word' id='word_1_136' title='bbox 2523 1606 2576 1674; x_wconf 88' lang='lat' dir='ltr'>se</span> 
     </span>
     <span class='ocr_line' id='line_1_17' title="bbox 561 1691 2575 1791; baseline -0 -25"><span class='ocrx_word' id='word_1_137' title='bbox 561 1722 664 1791; x_wconf 86' lang='lat' dir='ltr'>per</span> <span class='ocrx_word' id='word_1_138' title='bbox 680 1698 1031 1786; x_wconf 87' lang='lat' dir='ltr'>religionem</span> <span class='ocrx_word' id='word_1_139' title='bbox 1049 1700 1212 1762; x_wconf 77' lang='lat' dir='ltr'>suam</span> <span class='ocrx_word' id='word_1_140' title='bbox 1225 1717 1355 1759; x_wconf 87' lang='lat' dir='ltr'>non</span> <span class='ocrx_word' id='word_1_141' title='bbox 1373 1691 1736 1782; x_wconf 82' lang='lat' dir='ltr'>poffe.quam</span> <span class='ocrx_word' id='word_1_142' title='bbox 1748 1692 1951 1758; x_wconf 90' lang='lat' dir='ltr'>debuit</span> <span class='ocrx_word' id='word_1_143' title='bbox 1966 1702 2030 1759; x_wconf 73' lang='lat' dir='ltr'>Sc</span> <span class='ocrx_word' id='word_1_144' title='bbox 2043 1717 2255 1761; x_wconf 81' lang='lat' dir='ltr'>notam</span> <span class='ocrx_word' id='word_1_145' title='bbox 2270 1700 2358 1763; x_wconf 90' lang='lat' dir='ltr'>illi</span> <span class='ocrx_word' id='word_1_146' title='bbox 2371 1697 2575 1778; x_wconf 77' lang='lat' dir='ltr'>fecisse,</span> 
     </span>
     <span class='ocr_line' id='line_1_18' title="bbox 561 1781 2579 1879; baseline -0.001 -22"><span class='ocrx_word' id='word_1_147' title='bbox 561 1789 830 1857; x_wconf 74' lang='lat' dir='ltr'>maxime</span> <span class='ocrx_word' id='word_1_148' title='bbox 843 1785 885 1851; x_wconf 83' lang='lat' dir='ltr'>fi</span> <span class='ocrx_word' id='word_1_149' title='bbox 901 1786 1082 1852; x_wconf 77' lang='lat' dir='ltr'>cauffi</span> <span class='ocrx_word' id='word_1_150' title='bbox 1094 1783 1161 1851; x_wconf 82' lang='lat' dir='ltr'>fit</span> <span class='ocrx_word' id='word_1_151' title='bbox 1172 1838 1190 1866; x_wconf 89' lang='lat'>,</span> <span class='ocrx_word' id='word_1_152' title='bbox 1207 1807 1310 1852; x_wconf 88' lang='lat' dir='ltr'>cur</span> <span class='ocrx_word' id='word_1_153' title='bbox 1325 1783 1488 1851; x_wconf 90' lang='lat' dir='ltr'>aliud</span> <span class='ocrx_word' id='word_1_154' title='bbox 1501 1835 1519 1863; x_wconf 91' lang='lat'>,</span> <span class='ocrx_word' id='word_1_155' title='bbox 1534 1781 1943 1874; x_wconf 87' lang='lat' dir='ltr'>diuersumque</span> <span class='ocrx_word' id='word_1_156' title='bbox 1956 1782 2029 1850; x_wconf 90' lang='lat' dir='ltr'>de</span> <span class='ocrx_word' id='word_1_157' title='bbox 2046 1783 2223 1876; x_wconf 82' lang='lat' dir='ltr'>legati</span> <span class='ocrx_word' id='word_1_158' title='bbox 2239 1786 2325 1854; x_wconf 89' lang='lat' dir='ltr'>sui</span> <span class='ocrx_word' id='word_1_159' title='bbox 2342 1789 2579 1879; x_wconf 86' lang='lat' dir='ltr'>religio·</span> 
     </span>
     <span class='ocr_line' id='line_1_19' title="bbox 561 1876 2577 1969; baseline -0 -22"><span class='ocrx_word' id='word_1_160' title='bbox 561 1905 638 1947; x_wconf 89' lang='lat' dir='ltr'>ne</span> <span class='ocrx_word' id='word_1_161' title='bbox 668 1881 933 1969; x_wconf 84' lang='lat' dir='ltr'>princeps</span> <span class='ocrx_word' id='word_1_162' title='bbox 965 1880 1226 1969; x_wconf 87' lang='lat' dir='ltr'>potuerit</span> <span class='ocrx_word' id='word_1_163' title='bbox 1252 1880 1532 1969; x_wconf 83' lang='lat' dir='ltr'>cogitare.</span> <span class='ocrx_word' id='word_1_164' title='bbox 1561 1878 1735 1945; x_wconf 85' lang='lat' dir='ltr'>Nam</span> <span class='ocrx_word' id='word_1_165' title='bbox 1765 1895 1831 1943; x_wconf 88' lang='lat' dir='ltr'>vt</span> <span class='ocrx_word' id='word_1_166' title='bbox 1857 1876 2089 1942; x_wconf 89' lang='lat' dir='ltr'>nullam</span> <span class='ocrx_word' id='word_1_167' title='bbox 2119 1876 2331 1946; x_wconf 89' lang='lat' dir='ltr'>subibit</span> <span class='ocrx_word' id='word_1_168' title='bbox 2358 1879 2577 1969; x_wconf 81' lang='lat' dir='ltr'>legatus</span> 
     </span>
     <span class='ocr_line' id='line_1_20' title="bbox 561 1966 2580 2062; baseline 0 -24"><span class='ocrx_word' id='word_1_169' title='bbox 561 1993 777 2039; x_wconf 84' lang='lat' dir='ltr'>notam</span> <span class='ocrx_word' id='word_1_170' title='bbox 793 2023 812 2050; x_wconf 91' lang='lat'>‚</span> <span class='ocrx_word' id='word_1_171' title='bbox 837 1974 939 2055; x_wconf 79' lang='lat' dir='ltr'>qui</span> <span class='ocrx_word' id='word_1_172' title='bbox 957 1993 1134 2038; x_wconf 90' lang='lat' dir='ltr'>notus</span> <span class='ocrx_word' id='word_1_173' title='bbox 1151 1971 1407 2061; x_wconf 86' lang='lat' dir='ltr'>principi</span> <span class='ocrx_word' id='word_1_174' title='bbox 1424 1966 1537 2048; x_wconf 88' lang='lat' dir='ltr'>est,</span> <span class='ocrx_word' id='word_1_175' title='bbox 1564 1966 1607 2033; x_wconf 84' lang='lat' dir='ltr'>fi</span> <span class='ocrx_word' id='word_1_176' title='bbox 1624 1969 1672 2034; x_wconf 78' lang='lat' dir='ltr'>is</span> <span class='ocrx_word' id='word_1_177' title='bbox 1689 1966 2021 2060; x_wconf 77' lang='lat' dir='ltr'>quidquam</span> <span class='ocrx_word' id='word_1_178' title='bbox 2035 1992 2186 2036; x_wconf 87' lang='lat' dir='ltr'>mox</span> <span class='ocrx_word' id='word_1_179' title='bbox 2201 1991 2387 2061; x_wconf 88' lang='lat' dir='ltr'>petat,</span> <span class='ocrx_word' id='word_1_180' title='bbox 2413 1970 2580 2062; x_wconf 90' lang='lat' dir='ltr'>quod</span> 
     </span>
     <span class='ocr_line' id='line_1_21' title="bbox 484 2059 2601 2154; baseline 0 -25"><span class='ocrx_word' id='word_1_181' title='bbox 484 2145 487 2151; x_wconf 89' lang='lat'>.</span> <span class='ocrx_word' id='word_1_182' title='bbox 561 2064 845 2153; x_wconf 66' lang='lat' dir='ltr'>religioni</span> <span class='ocrx_word' id='word_1_183' title='bbox 873 2063 987 2130; x_wconf 81' lang='lat' dir='ltr'>suae</span> <span class='ocrx_word' id='word_1_184' title='bbox 1014 2060 1367 2130; x_wconf 85' lang='lat' dir='ltr'>aduersetur:</span> <span class='ocrx_word' id='word_1_185' title='bbox 1402 2064 1476 2126; x_wconf 87' lang='lat' dir='ltr'>ita</span> <span class='ocrx_word' id='word_1_186' title='bbox 1505 2059 1715 2127; x_wconf 82' lang='lat' dir='ltr'>iustam</span> <span class='ocrx_word' id='word_1_187' title='bbox 1746 2083 1874 2126; x_wconf 89' lang='lat' dir='ltr'>non</span> <span class='ocrx_word' id='word_1_188' title='bbox 1905 2061 2152 2128; x_wconf 88' lang='lat' dir='ltr'>euitabit</span> <span class='ocrx_word' id='word_1_189' title='bbox 2180 2063 2601 2154; x_wconf 37' lang='lat' dir='ltr'>reprehensio-¹</span> 
     </span>
     <span class='ocr_line' id='line_1_22' title="bbox 564 2151 2600 2246; baseline -0 -22"><span class='ocrx_word' id='word_1_190' title='bbox 564 2153 786 2232; x_wconf 82' lang='lat' dir='ltr'>nem,fi</span> <span class='ocrx_word' id='word_1_191' title='bbox 800 2157 1158 2246; x_wconf 82' lang='lat' dir='ltr'>legationem</span> <span class='ocrx_word' id='word_1_192' title='bbox 1171 2153 1439 2244; x_wconf 81' lang='lat' dir='ltr'>suscipiet</span> <span class='ocrx_word' id='word_1_193' title='bbox 1456 2175 1591 2244; x_wconf 87' lang='lat' dir='ltr'>rege</span> <span class='ocrx_word' id='word_1_194' title='bbox 1612 2151 1686 2218; x_wconf 88' lang='lat' dir='ltr'>de</span> <span class='ocrx_word' id='word_1_195' title='bbox 1700 2151 1830 2243; x_wconf 88' lang='lat' dir='ltr'>ipso</span> <span class='ocrx_word' id='word_1_196' title='bbox 1843 2153 2329 2245; x_wconf 78' lang='lat' dir='ltr'>aliteropinante.</span> <span class='ocrx_word' id='word_1_197' title='bbox 2347 2155 2461 2224; x_wconf 87' lang='lat' dir='ltr'>Sed</span> <span class='ocrx_word' id='word_1_198' title='bbox 2476 2165 2600 2223; x_wconf 77' lang='lat' dir='ltr'>nec&#39;</span> 
     </span>
     <span class='ocr_line' id='line_1_23' title="bbox 564 2244 2580 2338; baseline -0 -22"><span class='ocrx_word' id='word_1_199' title='bbox 564 2248 714 2316; x_wconf 73' lang='lat' dir='ltr'>alius</span> <span class='ocrx_word' id='word_1_200' title='bbox 733 2247 882 2337; x_wconf 67' lang='lat' dir='ltr'>vllus</span> <span class='ocrx_word' id='word_1_201' title='bbox 897 2248 1112 2338; x_wconf 86' lang='lat' dir='ltr'>legatus</span> <span class='ocrx_word' id='word_1_202' title='bbox 1127 2245 1276 2312; x_wconf 86' lang='lat' dir='ltr'>adeo</span> <span class='ocrx_word' id='word_1_203' title='bbox 1295 2269 1499 2312; x_wconf 80' lang='lat' dir='ltr'>amens</span> <span class='ocrx_word' id='word_1_204' title='bbox 1526 2245 1732 2323; x_wconf 79' lang='lat' dir='ltr'>fuerit,</span> <span class='ocrx_word' id='word_1_205' title='bbox 1753 2247 1935 2334; x_wconf 90' lang='lat' dir='ltr'>quiin</span> <span class='ocrx_word' id='word_1_206' title='bbox 1958 2244 2228 2314; x_wconf 82' lang='lat' dir='ltr'>diuinam</span> <span class='ocrx_word' id='word_1_207' title='bbox 2256 2246 2437 2314; x_wconf 87' lang='lat' dir='ltr'>fidem</span> <span class='ocrx_word' id='word_1_208' title='bbox 2453 2270 2580 2337; x_wconf 87' lang='lat' dir='ltr'>pec·</span> 
     </span>
     <span class='ocr_line' id='line_1_24' title="bbox 561 2337 2582 2430; baseline -0.002 -20"><span class='ocrx_word' id='word_1_209' title='bbox 561 2362 725 2416; x_wconf 70' lang='lat' dir='ltr'>care,</span> <span class='ocrx_word' id='word_1_210' title='bbox 756 2338 939 2429; x_wconf 57' lang='lat' dir='ltr'>quam</span> <span class='ocrx_word' id='word_1_211' title='bbox 974 2343 1036 2403; x_wconf 88' lang='lat' dir='ltr'>in</span> <span class='ocrx_word' id='word_1_212' title='bbox 1065 2341 1295 2430; x_wconf 87' lang='lat' dir='ltr'>regiam</span> <span class='ocrx_word' id='word_1_213' title='bbox 1328 2337 1512 2402; x_wconf 82' lang='lat' dir='ltr'>malit.</span> <span class='ocrx_word' id='word_1_214' title='bbox 1566 2337 1626 2404; x_wconf 87' lang='lat' dir='ltr'>Is</span> <span class='ocrx_word' id='word_1_215' title='bbox 1654 2357 1891 2416; x_wconf 85' lang='lat' dir='ltr'>tamen,</span> <span class='ocrx_word' id='word_1_216' title='bbox 1922 2339 2260 2428; x_wconf 87' lang='lat' dir='ltr'>quicunque</span> <span class='ocrx_word' id='word_1_217' title='bbox 2280 2343 2418 2419; x_wconf 87' lang='lat' dir='ltr'>erit,</span> <span class='ocrx_word' id='word_1_218' title='bbox 2447 2361 2582 2429; x_wconf 86' lang='lat' dir='ltr'>aget</span> 
     </span>
     <span class='ocr_line' id='line_1_25' title="bbox 566 2426 2575 2522; baseline -0 -25"><span class='ocrx_word' id='word_1_219' title='bbox 566 2429 813 2522; x_wconf 77' lang='lat' dir='ltr'>peffime</span> <span class='ocrx_word' id='word_1_220' title='bbox 832 2484 849 2510; x_wconf 90' lang='lat'>‚</span> <span class='ocrx_word' id='word_1_221' title='bbox 876 2430 917 2498; x_wconf 84' lang='lat' dir='ltr'>ss</span> <span class='ocrx_word' id='word_1_222' title='bbox 934 2453 1152 2497; x_wconf 84' lang='lat' dir='ltr'>certam</span> <span class='ocrx_word' id='word_1_223' title='bbox 1182 2426 1401 2518; x_wconf 76' lang='lat' dir='ltr'>suscipit</span> <span class='ocrx_word' id='word_1_224' title='bbox 1429 2429 1790 2520; x_wconf 82' lang='lat' dir='ltr'>legationem</span> <span class='ocrx_word' id='word_1_225' title='bbox 1809 2479 1826 2506; x_wconf 89' lang='lat'><strong>,</strong></span> <span class='ocrx_word' id='word_1_226' title='bbox 1857 2433 1951 2495; x_wconf 90' lang='lat' dir='ltr'>cui</span> <span class='ocrx_word' id='word_1_227' title='bbox 1967 2428 2065 2495; x_wconf 85' lang='lat' dir='ltr'>lex</span> <span class='ocrx_word' id='word_1_228' title='bbox 2086 2429 2206 2494; x_wconf 87' lang='lat' dir='ltr'>Dei</span> <span class='ocrx_word' id='word_1_229' title='bbox 2225 2429 2306 2498; x_wconf 91' lang='lat' dir='ltr'>sui</span> <span class='ocrx_word' id='word_1_230' title='bbox 2327 2431 2575 2520; x_wconf 62' lang='lat' dir='ltr'>impedi‘</span> 
     </span>
     <span class='ocr_line' id='line_1_26' title="bbox 567 2518 2580 2613; baseline -0 -25"><span class='ocrx_word' id='word_1_231' title='bbox 567 2544 778 2595; x_wconf 83' lang='lat' dir='ltr'>mento</span> <span class='ocrx_word' id='word_1_232' title='bbox 810 2522 917 2602; x_wconf 86' lang='lat' dir='ltr'>est,</span> <span class='ocrx_word' id='word_1_233' title='bbox 944 2525 1266 2613; x_wconf 83' lang='lat' dir='ltr'>quominus</span> <span class='ocrx_word' id='word_1_234' title='bbox 1284 2521 1446 2586; x_wconf 89' lang='lat' dir='ltr'>illam</span> <span class='ocrx_word' id='word_1_235' title='bbox 1464 2518 1769 2587; x_wconf 85' lang='lat' dir='ltr'>conficiat.</span> <span class='ocrx_word' id='word_1_236' title='bbox 1795 2518 1970 2587; x_wconf 89' lang='lat' dir='ltr'>Alter</span> <span class='ocrx_word' id='word_1_237' title='bbox 1996 2519 2178 2586; x_wconf 87' lang='lat' dir='ltr'>fidem</span> <span class='ocrx_word' id='word_1_238' title='bbox 2193 2522 2440 2611; x_wconf 88' lang='lat' dir='ltr'>principi</span> <span class='ocrx_word' id='word_1_239' title='bbox 2459 2543 2580 2587; x_wconf 81' lang='lat' dir='ltr'>tan-</span> 
     </span>
     <span class='ocr_line' id='line_1_27' title="bbox 572 2612 2581 2704; baseline 0 -24"><span class='ocrx_word' id='word_1_240' title='bbox 572 2638 781 2704; x_wconf 82' lang='lat' dir='ltr'>topere</span> <span class='ocrx_word' id='word_1_241' title='bbox 809 2639 935 2682; x_wconf 87' lang='lat' dir='ltr'>non</span> <span class='ocrx_word' id='word_1_242' title='bbox 969 2615 1241 2681; x_wconf 78' lang='lat' dir='ltr'>violabit.</span> <span class='ocrx_word' id='word_1_243' title='bbox 1271 2612 1481 2679; x_wconf 86' lang='lat' dir='ltr'>Violat</span> <span class='ocrx_word' id='word_1_244' title='bbox 1513 2634 1710 2678; x_wconf 89' lang='lat' dir='ltr'>tamen</span> <span class='ocrx_word' id='word_1_245' title='bbox 1742 2633 2001 2703; x_wconf 88' lang='lat' dir='ltr'>vterque.</span> <span class='ocrx_word' id='word_1_246' title='bbox 2029 2614 2268 2679; x_wconf 88' lang='lat' dir='ltr'>Tamen</span> <span class='ocrx_word' id='word_1_247' title='bbox 2284 2633 2350 2679; x_wconf 91' lang='lat' dir='ltr'>vt</span> <span class='ocrx_word' id='word_1_248' title='bbox 2374 2613 2581 2692; x_wconf 88' lang='lat' dir='ltr'>violet,</span> 
     </span>
     <span class='ocr_line' id='line_1_28' title="bbox 223 2702 2587 2796; baseline -0.001 -20"><span class='ocrx_word' id='word_1_249' title='bbox 223 2725 376 2777; x_wconf 55' lang='lat' dir='ltr'>tinxi.</span> <span class='ocrx_word' id='word_1_250' title='bbox 402 2730 406 2733; x_wconf 87' lang='lat'>·</span> <span class='ocrx_word' id='word_1_251' title='bbox 494 2731 497 2734; x_wconf 84' lang='lat'>·</span> <span class='ocrx_word' id='word_1_252' title='bbox 572 2712 768 2775; x_wconf 80' lang='lat' dir='ltr'>maior</span> <span class='ocrx_word' id='word_1_253' title='bbox 793 2711 946 2773; x_wconf 84' lang='lat' dir='ltr'>ratio</span> <span class='ocrx_word' id='word_1_254' title='bbox 969 2706 1121 2775; x_wconf 83' lang='lat' dir='ltr'>facit.</span> <span class='ocrx_word' id='word_1_255' title='bbox 1152 2707 1225 2772; x_wconf 90' lang='lat' dir='ltr'>Et</span> <span class='ocrx_word' id='word_1_256' title='bbox 1249 2705 1464 2771; x_wconf 89' lang='lat' dir='ltr'>adrem</span> <span class='ocrx_word' id='word_1_257' title='bbox 1491 2702 1780 2771; x_wconf 81' lang='lat' dir='ltr'>Claudius</span> <span class='ocrx_word' id='word_1_258' title='bbox 1807 2703 1961 2795; x_wconf 86' lang='lat' dir='ltr'>apud</span> <span class='ocrx_word' id='word_1_259' title='bbox 1983 2702 2352 2792; x_wconf 89' lang='lat' dir='ltr'>Dionyfium</span> <span class='ocrx_word' id='word_1_260' title='bbox 2380 2706 2587 2796; x_wconf 58' lang='lat' dir='ltr'>pulcre</span> 
     </span>
     <span class='ocr_line' id='line_1_29' title="bbox 273 2797 2579 2889; baseline 0.001 -28"><span class='ocrx_word' id='word_1_261' title='bbox 273 2811 279 2817; x_wconf 85' lang='lat'>&#39;</span> <span class='ocrx_word' id='word_1_262' title='bbox 333 2801 337 2803; x_wconf 68' lang='grc'><strong>’</strong></span> <span class='ocrx_word' id='word_1_263' title='bbox 576 2799 707 2863; x_wconf 85' lang='lat' dir='ltr'>illa:</span> <span class='ocrx_word' id='word_1_264' title='bbox 748 2813 1070 2865; x_wconf 72' lang='lat' dir='ltr'>Iuramenta</span> <span class='ocrx_word' id='word_1_265' title='bbox 1097 2803 1184 2864; x_wconf 79' lang='lat' dir='ltr'>rei</span> <span class='ocrx_word' id='word_1_266' title='bbox 1214 2797 1370 2862; x_wconf 80' lang='lat' dir='ltr'>malae</span> <span class='ocrx_word' id='word_1_267' title='bbox 1378 2798 1617 2889; x_wconf 86' lang='lat' dir='ltr'>seruare</span> <span class='ocrx_word' id='word_1_268' title='bbox 1628 2800 1862 2888; x_wconf 78' lang='lat' dir='ltr'>impiam</span> <span class='ocrx_word' id='word_1_269' title='bbox 1878 2849 1896 2876; x_wconf 89' lang='lat'>‚</span> <span class='ocrx_word' id='word_1_270' title='bbox 1917 2819 2033 2862; x_wconf 87' lang='lat' dir='ltr'>non</span> <span class='ocrx_word' id='word_1_271' title='bbox 2047 2799 2273 2882; x_wconf 75' lang='lat' dir='ltr'>seruare</span> <span class='ocrx_word' id='word_1_272' title='bbox 2287 2803 2450 2888; x_wconf 85' lang='lat' dir='ltr'>pium</span> <span class='ocrx_word' id='word_1_273' title='bbox 2478 2802 2579 2864; x_wconf 61' lang='lat' dir='ltr'>eff:</span> 
     </span>
     <span class='ocr_line' id='line_1_30' title="bbox 222 2871 2581 3004; baseline 0.013 -82"><span class='ocrx_word' id='word_1_274' title='bbox 222 2871 544 3004; x_wconf 42' lang='grc' dir='ltr'>3,.ᾔὲῐέΞῖΞὲ</span> <span class='ocrx_word' id='word_1_275' title='bbox 576 2899 730 2955; x_wconf 75' lang='lat' dir='ltr'>Deus</span> <span class='ocrx_word' id='word_1_276' title='bbox 755 2894 988 2981; x_wconf 79' lang='lat' dir='ltr'>enimse</span> <span class='ocrx_word' id='word_1_277' title='bbox 1003 2891 1081 2956; x_wconf 82' lang='lat' dir='ltr'>ad</span> <span class='ocrx_word' id='word_1_278' title='bbox 1090 2891 1315 2982; x_wconf 77' lang='lat' dir='ltr'>pulcros</span> <span class='ocrx_word' id='word_1_279' title='bbox 1330 2942 1345 2968; x_wconf 87' lang='lat'><em>,</em></span> <span class='ocrx_word' id='word_1_280' title='bbox 1373 2888 1635 2982; x_wconf 65' lang='lat' dir='ltr'>iustcffque</span> <span class='ocrx_word' id='word_1_281' title='bbox 1660 2890 1948 2979; x_wconf 79' lang='lat' dir='ltr'>consensus</span> <span class='ocrx_word' id='word_1_282' title='bbox 1961 2886 2221 2956; x_wconf 78' lang='lat' dir='ltr'>adhiberi</span> <span class='ocrx_word' id='word_1_283' title='bbox 2223 2887 2451 2982; x_wconf 82' lang='lat' dir='ltr'>gaudet,</span> <span class='ocrx_word' id='word_1_284' title='bbox 2466 2912 2581 2953; x_wconf 80' lang='lat' dir='ltr'>non</span> 
     </span>
     <span class='ocr_line' id='line_1_31' title="bbox 225 2977 2588 3076; baseline -0.001 -28"><span class='ocrx_word' id='word_1_285' title='bbox 225 3025 297 3076; x_wconf 72' lang='lat'>”3</span> <span class='ocrx_word' id='word_1_286' title='bbox 312 2977 424 3060; x_wconf 48' lang='lat'>2325„</span> <span class='ocrx_word' id='word_1_287' title='bbox 435 3012 519 3058; x_wconf 71' lang='lat' dir='ltr'>m,</span> <span class='ocrx_word' id='word_1_288' title='bbox 574 2980 1206 3073; x_wconf 72' lang='lat' dir='ltr'>adinlust05‚&amp;turpes.</span> <span class='ocrx_word' id='word_1_289' title='bbox 1242 2990 1406 3076; x_wconf 76' lang='lat' dir='ltr'>Qae</span> <span class='ocrx_word' id='word_1_290' title='bbox 1423 2982 1717 3072; x_wconf 86' lang='lat' dir='ltr'>eleganter</span> <span class='ocrx_word' id='word_1_291' title='bbox 1734 3024 1760 3059; x_wconf 90' lang='lat'>,-</span> <span class='ocrx_word' id='word_1_292' title='bbox 1784 3005 1853 3048; x_wconf 84' lang='lat' dir='ltr'>ac</span> <span class='ocrx_word' id='word_1_293' title='bbox 1868 2982 2068 3049; x_wconf 85' lang='lat' dir='ltr'>multis</span> <span class='ocrx_word' id='word_1_294' title='bbox 2084 2983 2385 3072; x_wconf 77' lang='lat' dir='ltr'>Vtriusque</span> <span class='ocrx_word' id='word_1_295' title='bbox 2416 2984 2588 3058; x_wconf 61' lang='lat' dir='ltr'>iuriS,</span> 
     </span>
     <span class='ocr_line' id='line_1_32' title="bbox 575 3072 2585 3163; baseline -0.003 -18"><span class='ocrx_word' id='word_1_296' title='bbox 575 3097 1018 3163; x_wconf 84' lang='lat' dir='ltr'>ceterorumque</span> <span class='ocrx_word' id='word_1_297' title='bbox 1033 3075 1379 3151; x_wconf 84' lang='lat' dir='ltr'>testimonijs</span> <span class='ocrx_word' id='word_1_298' title='bbox 1393 3077 1709 3141; x_wconf 56' lang='lat' dir='ltr'>auctorum</span> <span class='ocrx_word' id='word_1_299' title='bbox 1725 3073 2368 3162; x_wconf 86' lang='lat' dir='ltr'>confirmantur.Atque</span> <span class='ocrx_word' id='word_1_300' title='bbox 2380 3072 2505 3137; x_wconf 82' lang='lat' dir='ltr'>haec</span> <span class='ocrx_word' id='word_1_301' title='bbox 2520 3074 2585 3138; x_wconf 88' lang='lat' dir='ltr'>in</span> 
     </span>
     <span class='ocr_line' id='line_1_33' title="bbox 574 3163 2583 3255; baseline -0.002 -21"><span class='ocrx_word' id='word_1_302' title='bbox 574 3187 737 3235; x_wconf 84' lang='lat' dir='ltr'>tanto</span> <span class='ocrx_word' id='word_1_303' title='bbox 753 3164 1033 3231; x_wconf 77' lang='lat' dir='ltr'>nostrort&#39;t</span> <span class='ocrx_word' id='word_1_304' title='bbox 1050 3171 1331 3255; x_wconf 78' lang='lat' dir='ltr'>temporii</span> <span class='ocrx_word' id='word_1_305' title='bbox 1352 3167 1662 3255; x_wconf 84' lang='lat' dir='ltr'>religionis</span> <span class='ocrx_word' id='word_1_306' title='bbox 1680 3164 1912 3232; x_wconf 82' lang='lat' dir='ltr'>diffidio</span> <span class='ocrx_word' id='word_1_307' title='bbox 1941 3166 2167 3231; x_wconf 80' lang='lat' dir='ltr'>inutilia</span> <span class='ocrx_word' id='word_1_308' title='bbox 2191 3165 2359 3229; x_wconf 90' lang='lat' dir='ltr'>nullo</span> <span class='ocrx_word' id='word_1_309' title='bbox 2390 3163 2583 3229; x_wconf 91' lang='lat' dir='ltr'>modo</span> 
     </span>
     <span class='ocr_line' id='line_1_34' title="bbox 577 3252 2587 3347; baseline -0.002 -23"><span class='ocrx_word' id='word_1_310' title='bbox 577 3260 728 3326; x_wconf 91' lang='lat' dir='ltr'>sunt.</span> <span class='ocrx_word' id='word_1_311' title='bbox 745 3258 951 3330; x_wconf 86' lang='lat' dir='ltr'>Velim</span> <span class='ocrx_word' id='word_1_312' title='bbox 966 3277 1163 3323; x_wconf 87' lang='lat' dir='ltr'>autem</span> <span class='ocrx_word' id='word_1_313' title='bbox 1180 3309 1198 3334; x_wconf 86' lang='lat'>‚</span> <span class='ocrx_word' id='word_1_314' title='bbox 1213 3278 1441 3323; x_wconf 83' lang='lat' dir='ltr'>tantum</span> <span class='ocrx_word' id='word_1_315' title='bbox 1455 3255 1565 3323; x_wconf 81' lang='lat' dir='ltr'>effe</span> <span class='ocrx_word' id='word_1_316' title='bbox 1581 3257 1804 3347; x_wconf 70' lang='lat' dir='ltr'>superni</span> <span class='ocrx_word' id='word_1_317' title='bbox 1821 3258 2084 3322; x_wconf 82' lang='lat' dir='ltr'>numinis</span> <span class='ocrx_word' id='word_1_318' title='bbox 2099 3253 2414 3344; x_wconf 68' lang='lat' dir='ltr'>respestum</span> <span class='ocrx_word' id='word_1_319' title='bbox 2432 3308 2451 3335; x_wconf 88' lang='lat'><em>,</em></span> <span class='ocrx_word' id='word_1_320' title='bbox 2464 3276 2529 3322; x_wconf 90' lang='lat' dir='ltr'>vt</span> <span class='ocrx_word' id='word_1_321' title='bbox 2541 3252 2587 3320; x_wconf 83' lang='lat' dir='ltr'>si</span> 
     </span>
     <span class='ocr_line' id='line_1_35' title="bbox 575 3345 2579 3442; baseline -0.003 -22"><span class='ocrx_word' id='word_1_322' title='bbox 575 3351 823 3442; x_wconf 63' lang='lat' dir='ltr'>vmqui,</span> <span class='ocrx_word' id='word_1_323' title='bbox 837 3348 936 3417; x_wconf 85' lang='lat' dir='ltr'>hic</span> <span class='ocrx_word' id='word_1_324' title='bbox 955 3349 1220 3417; x_wconf 64' lang='lat' dir='ltr'>maxime</span> <span class='ocrx_word' id='word_1_325' title='bbox 1240 3351 1522 3436; x_wconf 86' lang='lat' dir='ltr'>cogitaret</span> <span class='ocrx_word' id='word_1_326' title='bbox 1539 3350 1776 3439; x_wconf 82' lang='lat' dir='ltr'>legatus,</span> <span class='ocrx_word' id='word_1_327' title='bbox 1792 3348 2028 3413; x_wconf 62' lang='lat' dir='ltr'>ratione</span> <span class='ocrx_word' id='word_1_328' title='bbox 2045 3349 2166 3414; x_wconf 82' lang='lat' dir='ltr'>eius</span> <span class='ocrx_word' id='word_1_329' title='bbox 2180 3345 2579 3413; x_wconf 55' lang='lat' dir='ltr'>distinctionis</span> 
     </span>
     <span class='ocr_line' id='line_1_36' title="bbox 576 3436 2584 3535; baseline -0.006 -20"><span class='ocrx_word' id='word_1_330' title='bbox 576 3469 707 3515; x_wconf 81' lang='lat' dir='ltr'>non</span> <span class='ocrx_word' id='word_1_331' title='bbox 724 3440 1051 3517; x_wconf 81' lang='lat' dir='ltr'>habendam</span> <span class='ocrx_word' id='word_1_332' title='bbox 1070 3489 1094 3527; x_wconf 85' lang='lat'>,</span> <span class='ocrx_word' id='word_1_333' title='bbox 1121 3439 1222 3509; x_wconf 87' lang='lat' dir='ltr'>An</span> <span class='ocrx_word' id='word_1_334' title='bbox 1239 3437 1384 3534; x_wconf 86' lang='lat' dir='ltr'>quid</span> <span class='ocrx_word' id='word_1_335' title='bbox 1403 3460 1467 3535; x_wconf 49' lang='lat' dir='ltr'>vt</span> <span class='ocrx_word' id='word_1_336' title='bbox 1480 3440 1702 3531; x_wconf 85' lang='lat' dir='ltr'>legatus</span> <span class='ocrx_word' id='word_1_337' title='bbox 1718 3439 1841 3519; x_wconf 88' lang='lat' dir='ltr'>,vel</span> <span class='ocrx_word' id='word_1_338' title='bbox 1858 3461 1922 3509; x_wconf 81' lang='lat' dir='ltr'>vt</span> <span class='ocrx_word' id='word_1_339' title='bbox 1936 3436 2145 3535; x_wconf 79' lang='lat' dir='ltr'>Fabius</span> <span class='ocrx_word' id='word_1_340' title='bbox 2160 3458 2313 3532; x_wconf 78' lang='lat' dir='ltr'>agat.</span> <span class='ocrx_word' id='word_1_341' title='bbox 2340 3439 2584 3509; x_wconf 88' lang='lat' dir='ltr'>Vanum</span> 
     </span>
     <span class='ocr_line' id='line_1_37' title="bbox 2420 3550 2583 3597; baseline -0.006 0"><span class='ocrx_word' id='word_1_342' title='bbox 2420 3550 2583 3597; x_wconf 80' lang='lat' dir='ltr'>enim</span> 
     </span>
    </p>
   </div>
   <div class='ocr_carea' id='block_1_3' title="bbox 557 538 870 850">
    <p class='ocr_par' dir='ltr' id='par_1_3' title="bbox 557 538 870 850">
     <span class='ocr_line' id='line_1_38' title="bbox 557 538 870 850; baseline 0 3053"><span class='ocrx_word' id='word_1_343' title='bbox 557 538 870 850; x_wconf 95' lang='lat' dir='ltr'> </span> 
     </span>
    </p>
   </div>
   <div class='ocr_carea' id='block_1_4' title="bbox 2820 1286 2823 1866">
    <p class='ocr_par' dir='ltr' id='par_1_4' title="bbox 2820 1286 2823 1866">
     <span class='ocr_line' id='line_1_39' title="bbox 2820 1286 2823 1866; baseline 0 0"><span class='ocrx_word' id='word_1_344' title='bbox 2820 1286 2823 1866; x_wconf 95' lang='lat' dir='ltr'> </span> 
     </span>
    </p>
   </div>
  </div>
 </body>
</html>
