2823 3903
251 577 336 625 Lib.
346 554 411 637 45.

254 873 416 934 Μὰρ..

261 1447 396 1496 Lindi.
406 1461 437 1496 1.
453 1440 576 1506 Diog.

259 1519 308 1562 in
319 1515 382 1561 ω’.
391 1512 553 1562 Perian.

262 1577 483 1641 strtst.lib.3
493 1611 506 1626 .

262 1648 438 1699 Ῥθϋΐίῖο

585 93 671 141 10·
1109 63 1279 140 DE·
1340 61 2157 139 LEGATIONIBVS

583 186 688 252 ista
705 182 904 250 solum
923 182 1143 251 deferre
1160 237 1178 266 ,
1195 199 1259 254 δε
1276 209 1448 278 agere
1463 205 1738 276 praeterea
1753 184 1928 254 nihil.
1962 183 2094 275 Ipse
2107 183 2252 276 quid
2266 182 2608 278 frequentis-

588 277 759 345 simas
778 274 1122 343 nostrorum
1138 299 1482 367 temporum
1502 300 1841 343 memorem
1854 278 2201 368 legationes,
2214 301 2344 368 qua:
2362 282 2424 343 in
2438 276 2503 343 id
2517 277 2611 343 so-

592 371 725 436 lum
741 368 886 449 sunt,
902 391 969 436 vt
985 371 1276 458 praesentia
1297 369 1550 459 ipsarum
1566 368 1785 436 illustre
1803 372 1992 460 magis
2009 368 2298 448 reddatur,
2311 369 2479 460 quod
2495 370 2618 460 agi-

593 475 709 528 tur?
727 461 897 549 Cape
910 464 1298 549 antiquorum
1312 481 1658 550 temporum
1675 460 1987 526 historiam
2005 486 2077 529 ex
2091 460 2242 528 ludis
2261 514 2278 540 ,
2292 485 2445 552 quos
2464 459 2623 527 Am-

596 552 834 644 phipoli
850 552 1166 618 celebratos
1183 551 1257 616 ab
1275 551 1564 619 AEmilio
1580 552 1713 641 post
1726 555 2045 620 vi&oriam
2062 554 2135 618 de
2147 554 2357 637 Perseo
2376 571 2621 642 partam,

601 657 665 712 δε
686 642 841 709 hisce
873 643 1273 734 legationibus
1307 643 1725 710 cohonestatos
1741 695 1760 722 ,
1790 645 1999 712 Liuius
2017 645 2237 711 scribit.
2273 657 2336 711 36
2357 642 2626 710 eiusdem

602 735 793 805 Persei
812 786 828 812 ‚
847 745 908 801 ὃς
928 736 1076 823 regis
1096 732 1311 801 Prusia·
1328 735 1645 800 celebratas
1664 738 1890 823 nuptias
1906 738 2316 826 gratulatione,
2329 734 2622 824 donisque

605 825 1133 893 innumerabilium
1153 825 1525 916 legationum
1540 876 1559 904 ‚
1576 837 1639 891 δε
1660 826 1824 893 velut
1835 827 2162 916 auspicibus
2177 829 2416 918 populis
2448 828 2624 892 nobi·

606 915 850 984 lissimis.
868 916 1082 982 eodem
1094 916 1386 1006 scriptore.
1408 918 1765 1007 Legationes
1783 917 1874 982 hae
1892 919 1955 983 in
1967 943 2040 985 eo
2058 972 2075 998 ,
2102 919 2267 1010 quod
2283 918 2413 1010 post
2432 940 2623 1009 gratu-

605 1012 891 1077 lationem
915 1008 1154 1089 habent,
1172 1008 1346 1075 huius
1363 1012 1491 1075 sunt
1509 1007 1910 1098 proculdubio
1925 1009 2132 1089 classis,
2145 1034 2323 1099 quam
2344 1011 2441 1076 hic
2459 1009 2622 1075 insti-

605 1105 712 1169 tui.
730 1101 842 1168 Illa
861 1125 987 1166 non
1010 1100 1090 1166 est
1105 1101 1281 1168 huius
1299 1099 1493 1179 clasfis‚
1507 1124 1692 1191 quam
1707 1099 1955 1168 Budaeus
1973 1104 2316 1191 pronubam
2334 1102 2626 1190 legatione

606 1193 857 1285 appellat
870 1194 1030 1258 libro
1046 1197 1249 1282 primo
1267 1193 1340 1258 de
1352 1190 1475 1257 affe:
1490 1192 1826 1281 quaeque1ab
1844 1216 1917 1257 eo
1932 1195 2131 1284 peragi
2145 1191 2483 1281 dicitu-r,qui
2499 1214 2629 1257 ma-

609 1289 972 1353 trimonium
989 1308 1102 1374 pro
1119 1285 1353 1351 absente
1367 1282 1664 1350 contrahit
1677 1286 2132 1372 pri·ncipe.Nam
2149 1284 2347 1352 verbis
2365 1304 2490 1349 tota
2502 1280 2631 1349 haec

612 1401 702 1444 res
720 1378 1035 1467 peragitur.
1058 1374 1374 1443 Fastitiam'
1393 1372 1582 1458 (cedo
1599 1378 1787 1465 aptius
1800 1389 2056 1442 nomeu?
2067 1381 2102 1459 )
2115 1376 2472 1467 legationem
2492 1399 2627 1441 con-

612 1468 838 1559 fingere
852 1471 1032 1535 etiam
1048 1466 1347 1558 poffumus
1365 1469 1596 1533 inuerso
1631 1478 1693 1533 δε
1716 1470 1774 1532 su
1821 1467 1944 1534 erbi
1962 1468 2270 1568 Tarquinii
2293 1518 2311 1545 ,
2342 1479 2404 1533 Sc
2422 1462 2635 1553 Trasy-

613 1561 740 1629 buli
757 1560 912 1627 fasto
928 1561 1262 1628 notissimo,
1295 1561 1464 1628 Nam
1482 1580 1547 1627 vt
1572 1559 1662 1625 illi
1688 1490 2017 1626 detfiaione
2054 1559 2445 1626 eminentium
2463 1579 2635 1647 papa-

612 1677 847 1734 uerum,
865 1654 1204 1745 spicarumq,
1224 1706 1242 1732 ,
1259 1652 1426 1720 nullo
1441 1651 1654 1731 verb0,
1672 1654 1902 1732 nuncijs
1918 1652 2339 1743 responderunt
2359 1678 2372 1715 :
2394 1651 2471 1715 ita
2485 1672 2634 1715 nun-

611 1748 740 1813 cios
761 1744 886 1810 haec
901 1770 1012 1812 nos
1028 1745 1478 1812 introducamus
1496 1758 1748 1834 agentes.
1765 1745 2076 1811 Caeteriim
2091 1757 2156 1811 Sc
2174 1744 2313 1810 belli
2332 1743 2557 1832 legatus
2571 1764 2634 1806 a-

612 1838 791 1924 liquis
811 1836 1163 1902 huiusmodi
1180 1835 1517 1901 ostendetur
1533 1859 1605 1903 ex
1614 1833 1710 1899 his
1728 1885 1748 1911 ,
1775 1857 1907 1923 quae
1922 1840 2211 1925 proximo
2232 1855 2422 1924 capite
2434 1831 2639 1899 scribe-

611 1951 762 1996 mus;
784 1938 847 1994 Sc
883 1929 946 1990 in
971 1927 1115 2006 alio,
1130 1926 1299 2017 quod
1313 1928 1421 1991 erit
1433 1922 1509 1991 de
1524 1923 1953 1993 Caduceatore.
1967 1925 2160 1995 Nunc
2171 1927 2342 2016 plene
2361 1924 2640 1991 declarata

614 2019 787 2109 legati
801 2016 1075 2085 definitio
1092 2018 1192 2085 est.
1207 2016 1529 2086 Posuimus
1548 2020 1714 2084 enim
1732 2019 2002 2108 exempla
2018 2017 2092 2085 ad
2106 2018 2288 2087 verba
2302 2016 2400 2082 illa
2419 2043 2432 2081 z
2448 2021 2538 2083 rei
2549 2015 2640 2082 di-

613 2108 815 2193 cenda,
829 2107 1053 2204 agenda
1063 2110 1265 2202 caufflt.
1288 2112 1422 2177 Iam
1437 2108 1511 2176 de
1526 2109 1749 2176 bellico
1776 2109 1978 2202 legato
1992 2133 2296 2203 exponam
2307 2162 2328 2190 ,
2353 2107 2520 2200 quod
2536 2108 2639 2197 1²²¹?

619 2202 766 2271 beo.

1423 2358 1474 2414 C
1491 2353 1552 2413 A
1571 2358 1637 2415 P.
1733 2358 1848 2417 VI.

1361 2489 1452 2547 De
1464 2493 1680 2572 Legata
1696 2476 1910 2548 bestico.

655 2744 661 2748 ἢ
725 2718 770 2736 ,20
832 2715 880 2741 Δ
899 2718 901 2720 .
1038 2735 1046 2750 2
1065 2746 1073 2754 θ
1091 2727 1102 2741 ,
1117 2663 1172 2730 E
1187 2682 1223 2728 L
1240 2681 1275 2727 1.
1297 2687 1321 2729 1
1335 2683 1375 2730 C
1392 2685 1433 2731 v
1452 2681 1508 2730 M
1522 2663 1784 2755 legatum
1800 2687 1915 2756 ego
1931 2661 2071 2729 dico
2088 2684 2214 2728 non
2234 2683 2308 2729 ex
2324 2661 2639 2730 Ciceronis

655 2800 698 2851 gt<
785 2758 912 2883 ξΞ,
988 2768 1082 2843 Ν.
1122 2756 1277 2824 sensu
1298 2756 1535 2847 ,sedqui
1554 2753 1755 2825 missus
1785 2759 1929 2824 citra
1944 2756 2264 2846 imperium
2282 2754 2364 2822 est
2377 2754 2641 2847 publice,

670 2852 680 2865 ‘
811 2838 861 2873 ‘³
910 2837 1070 2924 ,ῘΝ
1122 2850 1539 2940 autprincipali
1571 2851 1825 2919 nomine
1845 2846 2068 2914 bellum
2085 2850 2374 2929 indicere,
2406 2844 2645 2912 alit'idue

647 2965 713 3028 45»
785 2921 946 3030 “Q
1014 2962 1091 3053 Q
1121 2942 1335 3009 hostile
1352 2940 1695 3034 fignificare.
1715 2941 1878 3009 Eum
1893 2960 2049 3030 puta,
2062 2942 2165 3030 qui
2179 2941 2240 3003 in
2253 2937 2520 3005 duellum
2537 2960 2644 3003 vo-

1123 3059 1253 3102 care
1269 3036 1453 3102 alterii
1472 3038 1625 3100 mitti
1642 3035 1802 3100 solet.
1818 3033 1962 3099 Etis
1980 3033 2074 3098 ille
2087 3031 2310 3098 Idmon
2320 3029 2423 3096 fiait
2436 3054 2472 3095 a
2490 3029 2645 3096 Tur-

948 3122 992 3158 3*
1117 3150 1211 3191 no
1227 3127 1429 3194 miffus
1455 3125 1527 3193 ad
1541 3126 1812 3195 Aeneam
1829 3154 1842 3190 :
1862 3138 1926 3192 ὅ(
1941 3147 2118 3215 quem
2134 3121 2398 3211 Pyrrhus
2416 3121 2490 3188 ²d
2505 3114 2646 3186 ΑΠ’-

464 3276 467 3281 -
559 3281 583 3292 ..
627 3222 934 3313 tigonum‚
953 3217 1255 3287 Antonius
1270 3219 1343 3284 ad
1360 3217 1727 3311 Augustum,
1744 3218 2004 3287 Carolus
2021 3216 2350 3305 Imperator
2366 3213 2472 3281 ista
2486 3235 2651 3281 aetate

290 3330 533 3386 Phasma.
630 3313 705 3381 ad
719 3306 1089 3381 'Franc'iscum
1111 3334 1311 3404 regem
1330 3313 1542 3377 Galliae
1556 3308 1880 3378 transmisit.
1914 3309 2128 3374 Hocce
2141 3332 2245 3384 cur
2260 3307 2485 3400 legatos
2501 3306 2645 3372 belli

629 3428 757 3507 trogi
770 3408 1106 3486 nominem,
1122 3405 1253 3474 sane
1269 3428 1399 3499 non
1415 3402 1611 3499 video.
1628 3405 1798 3475 Nam
1815 3424 1945 3494 quae
1961 3402 2034 3469 ad
2049 3424 2257 3494 pacem
2274 3420 2645 3497 componen-

2508 3488 2647 3583 dam
