2781 3882
724 152 1112 226 LIBER-f·
1132 151 1537 227 PR'I'MV'S
1637 159 1648 221 Γ
1712 159 1756 213 f
2131 173 2210 240 27

194 271 336 340 dam·
357 268 563 338 stetisse
577 274 985 363 expestanteS,
1013 271 1082 338 vt
1109 274 1170 334 in
1200 268 1485 336 Senatum
1503 268 2040 338 introducerentur.
2070 271 2206 337 Erat

189 380 386 430 autem
414 362 526 429 foti
546 388 675 453 pars
703 364 1050 430 Comitium
1067 383 1202 426 ante
1216 362 1492 428 Curiam.
1522 361 1658 426 Erat
1686 360 1837 426 vcro
1868 375 1930 428 Sc
1961 365 2202 429 Graeco-
2239 400 2331 461 Eg„
2348 396 2555 463 ,hm-‚04

164 452 414 520 ‘stafium
434 507 453 534 ,
478 455 587 522 vbi
614 453 799 520 sedete
823 452 1032 518 solitos
1060 453 1320 543 legatos,
1364 476 1439 519 ex
1461 453 1734 518 Varrone
1766 475 2006 518 notant.
2058 452 2207 519 Inde

189 550 344 612 intra
359 545 752 626 Curi'am,vbi
765 563 882 608 erat
901 545 1162 620 Senatus,
1176 542 1559 610 vocabantur:
1576 543 1658 609 Et
1672 542 1795 609 haec
1815 596 1831 620 ,
1849 542 1890 609 fi
1908 545 2205 633 oppidum

190 640 419 728 legatos
450 644 666 703 intrare
693 633 992 702 volebant.
1038 636 1358 724 Oppidum
1388 659 1454 700 ea
1487 637 1706 701 Romae
1736 658 1863 725 pars
1892 635 2047 700 dic‘la
2075 634 2204 714 fuit,

186 734 484 817 quaeintra
499 728 723 791 rnoenia
738 747 871 791 erat.
892 739 953 792 Sc
970 726 1046 792 ab
1066 728 1213 794 vrbe
1225 723 1669 793 differebatAEtfi
1686 726 1898 792 nostris
1920 730 2205 794 iuriscon-

185 819 342 884 sultts
369 817 540 883 aliter
566 816 765 886 visum
793 816 890 896 fit,
923 829 987 884 Sc
1019 819 1151 896 alijs
1168 870 1187 898 ,
1216 817 1437 909 ipfique
1463 819 1650 884 Liuio
1668 817 1758 884 hae
1777 818 2202 909 appellationes

189 907 646 976 confunduntur.
687 908 984 998 Excipere
1009 931 1209 976 autem
1240 912 1299 974 in
1332 909 1628 1000 oppidum
1667 912 1895 1000 legatos
1939 908 2204 992 hostiurn

187 1002 374 1067 moris
393 1024 517 1066 non
547 1002 688 1066 fuit:
719 1025 828 1066 nec
841 1000 1172 1090 aliquarum
1202 1004 1472 1092 gentium
1502 1024 1872 1073 externarum
1899 999 2206 1067 admittere
2284 1062 2294 1075 ,
2358 1065 2367 1076 ,
2547 1076 2552 1083 ‚

185 1091 543 1181 quandoque
557 1091 849 1181 placebat.
883 1093 1019 1158 Hos
1042 1114 1205 1159 extra
1231 1091 1443 1160 vrbem
1467 1092 1833 1184 excipiebant
1864 1094 1959 1159 vel
1989 1096 2049 1157 iu
2080 1091 2205 1158 aede
2242 1064 2552 1189 ζ’ἔζξξέζ.

188 1183 485 1260 Bellonae,
513 1183 857 1251 senaculoue
885 1187 1046 1251 iuxta
1064 1182 1256 1273 posito
1274 1237 1293 1262 ‚
1322 1186 1414 1252 vel
1433 1188 1496 1250 in
1527 1185 1864 1274 Apollinis,
1887 1182 2040 1250 forte
2058 1195 2118 1250 δε
2138 1186 2202 1249 in
2240 1196 2339 1257 fest.

185 1274 415 1363 templo
427 1272 735 1352 Herculis,
765 1273 1075 1338 alteriusue
1103 1278 1398 1362 peregrini
1432 1278 1588 1353 Dei,
1615 1275 1777 1362 quod
1797 1275 1925 1339 effer
1940 1273 2200 1363 positum

188 1385 350 1430 extra
363 1362 591 1431 vrbsm.
623 1362 694 1426 In
708 1360 921 1451 quibus
939 1364 1173 1450 templis
1191 1374 1254 1427 δε
1272 1360 1503 1428 ciuibus
1534 1363 1627 1428 his
1662 1367 1908 1429 Senatus
1932 1363 2199 1443 dabatur,
2285 1406 2291 1411 -

185 1459 320 1544 qui,
334 1477 472 1520 cum
500 1476 564 1516 1n
581 1455 838 1541 imperio
857 1451 1035 1517 essent
1049 1503 1070 1531 ,
1096 1452 1328 1543 ingredi
1343 1452 1557 1521 vrbem
1589 1453 1817 1544 legibus
1836 1454 2194 1521 vetabantur.

167 1545 367 1612 Forte
389 1563 583 1609 tamen
605 1555 668 1609 8<
688 1541 948 1608 iststerat
977 1546 1040 1608 in
1052 1545 1267 1611 vrbem
1296 1547 1518 1612 aditus:
1549 1543 1592 1611 fi
1619 1544 1911 1636 placuisset
1929 1545 2203 1617 Senatui.·

182 1635 381 1726 Atque
393 1636 466 1701 sat
480 1634 721 1714 scimus,
749 1633 1036 1720 Cyneam
1051 1635 1269 1722 Pyrrhi
1289 1637 1550 1728 legatum
1581 1636 1921 1728 ingressum.
1946 1636 2107 1704 Facit
2137 1647 2196 1703 'e-
2231 1669 2452 1721 ἥκω-ι,

179 1730 325 1793 tiam
339 1726 503 1819 quod
517 1726 803 1817 delegatis
820 1729 1008 1795 Persei
1026 1779 1047 1806 ‚
1076 1729 1673 1823 Cotysquescriptum
1688 1753 1723 1795 a
1738 1731 1922 1796 Liuio
1940 1728 2192 1796 est'libro

178 1818 624 1910 quadragesimo
658 1819 961 1897 secundo2
979 1832 1044 1886 δε
1074 1818 1515 1910 quadragcfimo
1541 1825 1770 1911 quinto,
1802 1822 1984 1888 Certe.
2012 1842 2195 1887 atten-

181 1910 396 1976 debant
428 1913 693 1976 Romani
712 1910 982 1975 multum·
1002 1910 1142 1975 huic
1169 1910 1618 1990 consuetudini,
1649 1916 1912 2001 iurique.
1954 1915 2028 1979 Et
2055 1912 2193 1979 Nu-
2227 1961 2434 2027 Dioinfel
2452 1966 2497 2013 e}

182 2004 594 2066 mantinorum
612 2000 832 2089 legatos
850 2024 974 2065 non
989 2000 1377 2088 admiserunt,
1394 2026 1469 2067 ne
1481 2000 1691 2083 foedus,
1705 2002 1872 2092 quod
1887 2003 2190 2084 nolebant,
2417 1984 2445 2063 .‘
2493 1993 2519 2031 ⁹·

181 2089 532 2157 confirmare
547 2115 621 2156 eo
638 2089 796 2156 fasto
812 2091 1166 2158 viderentur.
1200 2093 1334 2158 Cur
1350 2092 1496 2160 vero
1513 2094 1689 2183 legati
1707 2092 1970 2160 hostium
2001 2096 2063 2158 in
2083 2117 2192 2185 op-

181 2181 395 2273 pidum
422 2206 547 2248 non
578 2182 1052 2259 admitterentur,
1081 2184 1236 2247 ratio
1265 2182 1568 2248 manifesta
1594 2182 1697 2249 effe
1723 2183 1944 2273 potest:
1975 2209 2191 2276 nempe

183 2277 325 2363 quia
343 2287 404 2340 Sc
416 2277 675 2364 priuatos
691 2274 967 2338 inimicos
983 2296 1092 2338 nec
1107 2276 1424 2362 recipimus
1443 2277 1505 2338 in
1521 2277 1775 2364 priuatas
1791 2277 1964 2355 aedes,
1981 2301 2086 2342 nec
2101 2300 2186 2343 re-

179 2364 475 2452 cipiebant
490 2388 562 2431 ex
574 2367 807 2454 antiqua
819 2364 1097 2430 formula.
1129 2364 1327 2443 deem
1354 2366 1528 2455 legati
1543 2365 1811 2433 hostium
1832 2420 1850 2446 ‚
1875 2366 1916 2434 fi
1933 2377 1995 2434 in
2012 2367 2187 2435 castra

178 2455 488 2534 veniflent,
523 2458 584 2520 iu
617 2455 966 2545 Qaestorio
983 2456 1431 2546 excipiebantur.
1447 2458 1533 2523 Vt
1550 2483 1622 2526 ex
1639 2459 2032 2551 manuscripto
2046 2460 2184 2549 Hy-

174 2548 325 2637 gino
352 2548 447 2623 alij
479 2545 657 2613 nobis
689 2550 1122 2613 renunciatum.
1152 2550 1455 2630 HatSlenus
1485 2549 1558 2616 de
1586 2552 1744 2618 loco·
1780 2550 1882 2617 De
1911 2573 2184 2642 ternpore
2223 2544 2489 2607 ffip·⁶dl³b·¹·

180 2637 344 2703 illud.
378 2638 588 2704 Mense
611 2637 935 2705 Februario
967 2651 1031 2705 Sc
1060 2633 1528 2729 prouincialium
1547 2695 1565 2721 ‚
1593 2655 2056 2710 &externorum
2084 2668 2184 2711 au-
2220 2619 2423 2665 ‘'mn‘’

175 2728 291 2794 diri
309 2728 502 2794 solitas
519 2731 854 2819 legationes.
886 2729 1047 2796 Istud
1064 2733 1235 2797 multi
1263 2732 1633 2801 adnotarunt.
1660 2734 1856 2825 Qale
1882 2756 2080 2801 tamen
2094 2734 2181 2816 fit,
2218 2765 2435 2825 Alex.li.4.
2456 2766 2537 2817 Ge.

177 2825 281 2912 per
297 2843 399 2885 eos
432 2819 593 2886 haud
611 2820 900 2909 intelligo.
926 2821 1111 2887 Nihil
1129 2821 1203 2886 de
1227 2825 1971 2917 prouincialibusloquor:
2007 2825 2106 2893 his
2123 2853 2182 2893 e·
2218 2845 2299 2878 Μ·

176 2914 328 2994 nim,
344 2935 478 2978 curn
496 2909 789 2979 effentsub
817 2914 1094 3002 imperio,
1112 2911 1416 2982 statuidics
1432 2937 1690 3006 poterat,
1716 2921 1780 2984 in
1810 2942 1991 3009 quem
2016 2923 2185 2986 v'eni-
2221 2899 2538 2959 M“'¹”·V“⁷·³·

177 3023 332 3076 rent.
349 3002 469 3070 Sed
485 3001 525 3068 fi
540 3007 763 3070 amicus
781 3027 884 3070 rex
898 3055 916 3082 ,
942 3026 1043 3070 aur
1060 3007 1236 3070 etiam
1267 3015 1538 3074 externus
1566 3010 1931 3102 legationem
1959 3007 2184 3078 mififfet

175 3093 359 3184 pridie
384 3094 790 3162 Kalendarum
808 3097 1053 3163 Martias
1074 3147 1094 3175 ,
1116 3121 1192 3162 an
1218 3098 1801 3193 manendumlcgatis
1814 3126 2041 3169 annum
2054 3101 2184 3169 fuis-

182 3186 301 3251 set?
327 3186 528 3252 Video
546 3189 726 3271 etiarn
754 3186 977 3254 auditas
992 3191 1168 3254 omni
1195 3210 1468 3280 tempore
1490 3192 1830 3280 legationes.
1872 3194 2045 3284 Qid
2074 3197 2183 3284 igi-

178 3289 295 3340 tur?
323 3277 554 3344 Datum
572 3278 720 3345 illudv
729 3301 960 3369 tempus
981 3287 1081 3362 (Sc
1101 3281 1161 3346 id
1175 3281 1294 3371 legi
1321 3278 1578 3373 alicubi)
1596 3284 1978 3354 Senatoribus
1995 3287 2185 3372 crede·{

181 3386 305 3429 rem
321 3417 338 3443 ,
368 3392 488 3456 quo
505 3369 578 3435 ab
593 3372 990 3461 alijsnegotijs
1003 3370 1108 3438 sub
1125 3396 1197 3438 eo
1227 3395 1507 3463 praetextu
1525 3380 1723 3445 otium
1739 3380 1886 3446 effer.
1914 3376 2099 3442 Nihil
2130 3401 2183 3442 e-
2283 3455 2293 3462 ·

181 3459 311 3522 nim
325 3461 583 3548 agialiud
597 3464 847 3553 potuiss'e
865 3464 1116 3532 videtur.
1145 3465 1433 3535 Obseruo
1450 3489 1647 3537 tamen
1665 3523 1683 3549 ‚
1710 3492 1777 3545 vt
1806 3471 1968 3537 'initis
1985 3465 2182 3549 statim

1426 3559 1491 3626 D
1548 3563 1586 3636 ij
2134 3575 2145 3577 ”

2242 702 2382 752 μυῖα
2397 703 2540 771 'vt-fig*
