2781 3882
649 155 951 230 Limia
1045 153 1637 233 SECVNDVS.
2081 183 2174 252 73

154 277 351 343 iunxit
361 272 396 353 ’,’
434 270 541 366 qui
568 279 719 366 regis
750 273 923 342 castra
952 272 1346 361 explorarent.
1378 295 1519 337 nam
1536 272 1767 339 videtur
1781 278 2042 343 omnino
2063 279 2182 344 exif-

157 366 410 432 stimaffe
427 418 446 446 ,
493 367 741 432 eandem
755 363 1076 432 comitibus
1089 361 1285 429 deberi
1304 362 1664 429 securitatem
1679 415 1699 442 ,
1725 387 1855 454 quae
1873 367 2070 455 legatis
2084 369 2180 433 de-

163 456 348 524 betur.
368 456 428 524 A
437 457 634 524 ccedat
651 470 714 523 8<
733 455 881 520 illud
902 483 915 517 :
933 466 1071 532 Rex,
1072 450 1296 545 fact'stu
1310 477 1401 519 me
1413 472 1478 521 tu
1489 461 1705 546 regium
1717 462 2003 536 nuncium,
2019 458 2182 546 vasa,

157 549 487 641 comitesque
503 572 654 614 meos
670 551 701 611 ἓ
717 543 900 619 Vnde
915 567 1045 610 non
1061 545 1377 612 comitibus
1399 546 1593 613 modo
1621 550 1712 613 ius
1724 547 2058 637 legatorum
2076 550 2181 615 sta-

154 662 240 718 re,
252 640 341 704 sed
358 642 580 706 horum
595 659 835 726 quoque
857 636 1029 702 rebus
1048 638 1447 727 perspicimuS.
1471 638 1674 723 Quod
1687 651 1751 704 Sc
1770 661 1980 705 verum
1998 638 2089 708 est,
2111 653 2174 707 Sc

153 733 290 818 quia
304 730 483 795 libera
498 731 628 796 loca
638 727 923 794 darentur
937 727 1555 819 legationibus,magis
1567 753 1630 796 ac
1645 731 1834 819 magis
1853 731 2176 797 innotescit.

154 818 279 884 hoc
295 822 458 884 enim
473 818 625 884 laeto
641 817 1153 898 ostenditur‘nihil
1171 845 1297 886 non
1316 822 1721 900 sanctummon
1739 825 2039 887 munitum
2056 825 2176 911 pri-

153 910 384 1002 uilegio
398 910 611 977 debere
622 911 823 1000 legatis
844 909 966 975 effe.
999 911 1071 976 Et
1087 911 1219 978 iane
1233 935 1363 1002 quae
1380 911 1572 1001 potest
1588 933 1744 978 tanta
1759 916 1849 979 vis
1866 913 1971 979 effe
1996 916 2178 1003 priui-⁴

154 1002 292 1092 legii
308 1005 564 1092 personae
579 1001 975 1091 legatorum,fi
995 1003 1375 1093 priuilegium
1396 1015 1457 1069 Sc
1476 1002 1603 1071 istis.
1613 1002 2029 1071 accessionibus
2046 1029 2181 1080 non

159 1093 502 1160 conceditur
523 1107 547 1159 .>
570 1093 884 1182 Eleganter
912 1099 1108 1182 itaque
1125 1092 1491 1161 doctissimus
1507 1146 1530 1173 ‚
1553 1117 1867 1185 rerumque
1890 1096 2175 1163 scientiffio

157 1207 292 1251 mus
308 1184 562 1251 Arturus
581 1183 949 1261 AteiuS,cum
968 1208 1085 1274 ego
1100 1185 1369 1273 quaedam
1385 1185 1457 1249 de
1471 1189 1596 1251 iure
1611 1187 1936 1276 legatotum
1955 1184 2052 1269 (fic
2065 1188 2182 1254 Le»

155 1275 365 1341 cestrio
387 1273 1035 1343 Comiteillustriffimo
1050 1279 1454 1365 praecipiente)
1470 1300 1541 1342 ex
1555 1297 1823 1364 tempore
1837 1278 2179 1366 inampliffi·

155 1388 430 1444 morum,
447 1366 867 1452 nobiliumque
883 1368 1160 1430 virorum
1186 1388 1415 1431 corona
1432 1365 1830 1446 differrfflstm,
1845 1367 2096 1448 (edixit,
2115 1373 2180 1435 in>

158 1481 227 1522 ea
240 1455 349 1522 effe
360 1457 661 1532 sententia,
675 1477 750 1519 ne
765 1456 925 1518 bona
935 1452 1269 1542 legatorum
1287 1459 1412 1544 capi
1430 1506 1458 1533 ,
1469 1456 1709 1522 neaedes
1724 1457 1983 1546 ipsorum
2002 1466 2176 1525 intra·
2191 1504 2194 1505 ν

152 1550 228 1624 ri,
242 1547 402 1611 bona
417 1543 565 1635 ergo
579 1567 698 1634 pro
709 1566 822 1608 aere
838 1542 1039 1609 alieno
1058 1545 1361 1634 capiendi,
1375 1544 1607 1635 possi-nt.
1639 1546 1872 1614 Verum
1891 1552 2055 1614 enim
2075 1548 2179 1616 est:

152 1635 197 1703 fi
212 1659 408 1702 tamen
437 1636 549 1702 alia
564 1658 911 1726 quacunque
937 1637 1164 1701 ratione
1197 1636 1569 1715 indemnitati
1596 1638 1953 1705 creditorum
1973 1642 2176 1717 consu-

152 1728 272 1795 lere
285 1751 495 1795 manus
508 1729 671 1818 regia
690 1727 991 1817 valet.quae
1005 1724 1218 1793 scilicet
1226 1752 1346 1794 vna
1361 1728 1460 1795 hic
1474 1728 1753 1820 magistra
1769 1728 1865 1796 est:
1881 1740 2177 1821 quoniam

151 1844 339 1910 neque
353 1823 638 1898 actiones,
657 1841 845 1907 neque
856 1820 1227 1883 executiones
1249 1820 1394 1885 iuris
1408 1824 1679 1910 gentium
1711 1820 1869 1890 sunt.
1892 1823 2175 1891 Aliasau-

151 1932 275 1978 tem
289 1910 493 2001 (quod
510 1920 572 1977 ὀ(
590 1930 719 1976 tum
735 1910 1032 1999 temporis
1046 1906 1366 1975 referebam
1380 1915 1409 1993 )
1426 1914 1571 2001 quin
1588 1909 1713 1993 haec
1725 1910 1851 1976 fieri
1868 1937 2176 2003 nequeant,

151 2005 404 2069 rationis
433 2023 561 2068 non
577 2000 674 2068 est.
703 2022 773 2068 vt
789 2021 1114 2090 exponam.
1141 2000 1282 2068 Vna
1294 2000 1444 2069 vero
1458 2025 1558 2068 me
1585 2023 1740 2069 tenet
1769 2000 2074 2071 difficultas
2104 2009 2170 2074 in
2212 2012 2215 2015 ’

154 2093 272 2160 isto
288 2096 550 2160 tractatu.
575 2118 649 2160 an
665 2096 953 2159 omnibus
982 2092 1153 2184 legati
1173 2093 1494 2161 comitibus
1520 2092 1647 2161 haec
1674 2092 1820 2162 stent
1837 2097 2175 2187 priuilegia.

150 2206 249 2252 aut
262 2208 415 2277 quos
433 2188 679 2252 comites
692 2181 1067 2274 appellamus.
1095 2188 1272 2259 Num
1292 2208 1504 2251 omnes
1530 2185 1791 2263 famulos
1805 2237 1827 2264 ,
1838 2189 1984 2254 lixas
1998 2238 2019 2267 ,
2037 2188 2166 2255 sco-

149 2280 371 2368 parios‚
386 2276 728 2344 stabularios
747 2289 773 2343 ἓ
801 2273 1079 2359 Quaestio
1096 2276 1326 2342 nullam
1339 2276 1577 2343 haberet
1593 2276 1892 2354 difficilem
1912 2278 2166 2369 explica-

149 2372 407 2447 tionem,
420 2368 460 2434 fi
476 2369 722 2435 illorum
751 2370 1005 2435 nomina
1021 2369 1303 2457 exemplo
1315 2389 1584 2436 veterum
1601 2421 1620 2448 ,
1644 2372 1789 2435 :istis
1802 2370 2055 2460 publicis
2084 2373 2163 2439 es·

150 2457 268 2524 sent
280 2458 573 2548 inscripta,
588 2457 983 2549 numerusque
998 2480 1185 2525 certus
1196 2458 1455 2528 statutus·
1482 2461 1593 2528 Sed
1606 2486 1766 2528 nunc
1781 2484 1869 2529 res
1890 2462 2158 2555 expedita

146 2574 275 2617 non
293 2550 393 2618 est.
422 2553 703 2619 Comites
718 2551 836 2618 dici
865 2551 952 2616 illi
983 2549 1259 2619 videntur
1272 2604 1290 2631 ‚
1315 2559 1418 2643 qui
1444 2552 1737 2620 adsistunt.
1762 2558 1958 2645 itaque
1983 2554 2152 2621 illam
2182 2572 2523 2636 &maudein-

144 2642 344 2708 faecem
361 2646 613 2710 nomine
626 2643 738 2708 isto
765 2640 1004 2709 fortaffis
1020 2666 1150 2708 non
1166 2644 1512 2711 diceremus.
1540 2646 1777 2712 Tamen
1791 2649 2156 2714 contrarium
2197 2641 2338 2696 ’Ἀθ
2355 2644 2453 2729 3¹²⁶·
2467 2646 2516 2690 ’Ὦ

143 2732 480 2825 putoNam
493 2733 535 2800 si
548 2734 819 2801 dedimus
831 2734 1138 2825 priuilegia
1158 2735 1329 2802 reb-us
1347 2735 1799 2827 omnibus,quid
1816 2761 1941 2803 non
1960 2750 2023 2806 Sc
2043 2736 2167 2806 istis
2200 2707 2387 2759 ιιι-ἀ’
2397 2724 2515 2758 ‘⁸⁹‘

151 2826 386 2891 damus?
402 2824 720 2892 Africanus
736 2828 1031 2914 mancipia
1045 2827 1307 2916 quinque
1322 2827 1555 2918 legatus
1572 2828 1762 2895 duxit.
1785 2853 1858 2894 an
1876 2832 1967 2896 ius
1993 2828 2167 2896 dene·
2199 2839 2482 2893 Athenstbae.

148 2915 418 3009 gaudum
432 2916 746 3007 legationis
760 2914 944 2983 fuisset
961 2916 1097 2995 istis,
1111 2915 1276 3006 quod
1292 2921 1586 3009 mancipia
1602 2933 1788 2999 erant?
1805 2916 2005 2987 Latius
2018 2944 2166 3013 ergo

145 3010 407 3098 accipere
436 3011 673 3074 comitis
709 3030 934 3074 nomen
963 3030 1220 3098 oportet.
1250 3010 1330 3076 Et
1358 3009 1432 3076 de
1460 3011 1778 3093 comitibus
1806 3034 1952 3103 ergo
1986 3013 2168 3092 idem,

145 3100 309 3191 quod
323 3099 609 3191 delegatis
626 3103 868 3190 opinor.
885 3122 997 3189 pro
1013 3097 1110 3166 sua
1124 3104 1322 3184 enim(
1317 3103 1484 3193 quod
1494 3102 1999 3187 dicimumensura
2014 3105 2169 3196 quil?-

142 3202 261 3281 'que
276 3194 534 3281 accipiet.
555 3191 729 3260 Acin
748 3191 913 3270 illud,
929 3191 1096 3282 quod
1110 3193 1392 3284 delegato
1410 3193 1673 3262 subiecto
1689 3195 1930 3274 tradidi,
1948 3196 2046 3262 hic
2063 3219 2165 3285 ap·
2198 3213 2321 3269 Plu»,

153 3304 318 3370 pono
337 3295 399 3349 δε
430 3283 504 3350 de
518 3284 850 3358 comitibus
862 3285 1203 3374 exemplum
1230 3285 1657 3354 Themistoclis
1690 3288 2161 3355 laudati-ssimum.

152 3373 214 3440 Is
229 3395 263 3436 a
278 3396 411 3462 rege
423 3372 725 3445 Perssrum
743 3372 918 3453 miffis
934 3375 1139 3466 legatis
1151 3375 1512 3446 adfistentem
1528 3383 1902 3470 interpretem
1917 3379 2162 3467 publico

153 3460 390 3554 decreto
407 3469 903 3558 comprehensum
919 3469 1083 3560 iussit
1097 3471 1380 3564 interemi:
1400 3471 1573 3630 quo}
1586 3473 1941 3564 Graecorum
1956 3469 2169 3564 lingua
