<?xml version="1.0" encoding="UTF-8"?>
<!DOCTYPE html PUBLIC "-//W3C//DTD XHTML 1.0 Transitional//EN"
    "http://www.w3.org/TR/xhtml1/DTD/xhtml1-transitional.dtd">
<html xmlns="http://www.w3.org/1999/xhtml" xml:lang="en" lang="en">
 <head>
  <title>
</title>
<meta http-equiv="Content-Type" content="text/html;charset=utf-8" />
  <meta name='ocr-system' content='tesseract 3.04.00' />
  <meta name='ocr-capabilities' content='ocr_page ocr_carea ocr_par ocr_line ocrx_word'/>
</head>
<body>
  <div class='ocr_page' id='page_1' title='image "./albericigentilis00gent_0031.png"; bbox 0 0 2781 3882; ppageno 0'>
   <div class='ocr_carea' id='block_1_1' title="bbox 677 137 2226 216">
    <p class='ocr_par' dir='ltr' id='par_1_1' title="bbox 677 137 2226 216">
     <span class='ocr_line' id='line_1_1' title="bbox 677 137 2226 216; baseline -0.006 -5"><span class='ocrx_word' id='word_1_1' title='bbox 677 161 679 164; x_wconf 80' lang='grc'><strong>’</strong></span> <span class='ocrx_word' id='word_1_2' title='bbox 738 139 1036 213; x_wconf 77' lang='lat' dir='ltr'>LIBER</span> <span class='ocrx_word' id='word_1_3' title='bbox 1123 137 1586 213; x_wconf 56' lang='lat' dir='ltr'>PRIMvs·</span> <span class='ocrx_word' id='word_1_4' title='bbox 1693 152 1705 162; x_wconf 86' lang='grc'>·“</span> <span class='ocrx_word' id='word_1_5' title='bbox 2125 156 2226 216; x_wconf 56' lang='grc'>19»</span> 
     </span>
    </p>
   </div>
   <div class='ocr_carea' id='block_1_2' title="bbox 146 250 2568 3643">
    <p class='ocr_par' dir='ltr' id='par_1_2' title="bbox 146 250 2568 3643">
     <span class='ocr_line' id='line_1_2' title="bbox 202 250 2219 351; baseline -0.004 -24"><span class='ocrx_word' id='word_1_6' title='bbox 202 267 275 339; x_wconf 77' lang='lat' dir='ltr'>ijs</span> <span class='ocrx_word' id='word_1_7' title='bbox 288 259 679 351; x_wconf 82' lang='lat' dir='ltr'>legationibus</span> <span class='ocrx_word' id='word_1_8' title='bbox 695 258 893 326; x_wconf 67' lang='lat' dir='ltr'>solum</span> <span class='ocrx_word' id='word_1_9' title='bbox 908 279 1117 326; x_wconf 83' lang='lat' dir='ltr'>verum</span> <span class='ocrx_word' id='word_1_10' title='bbox 1134 254 1314 336; x_wconf 72' lang='lat' dir='ltr'>luisse,</span> <span class='ocrx_word' id='word_1_11' title='bbox 1328 277 1459 346; x_wconf 84' lang='lat' dir='ltr'>quae</span> <span class='ocrx_word' id='word_1_12' title='bbox 1472 252 1548 319; x_wconf 88' lang='lat' dir='ltr'>ad</span> <span class='ocrx_word' id='word_1_13' title='bbox 1562 250 1778 320; x_wconf 82' lang='lat' dir='ltr'>foedera</span> <span class='ocrx_word' id='word_1_14' title='bbox 1790 251 2054 323; x_wconf 66' lang='lat' dir='ltr'>facienda</span> <span class='ocrx_word' id='word_1_15' title='bbox 2069 305 2087 333; x_wconf 89' lang='lat'><em>‚</em></span> <span class='ocrx_word' id='word_1_16' title='bbox 2113 274 2219 320; x_wconf 46' lang='lat' dir='ltr'>aut*</span> 
     </span>
     <span class='ocr_line' id='line_1_3' title="bbox 201 345 2213 442; baseline -0.002 -24"><span class='ocrx_word' id='word_1_17' title='bbox 201 354 359 442; x_wconf 83' lang='lat' dir='ltr'>leges</span> <span class='ocrx_word' id='word_1_18' title='bbox 376 353 534 441; x_wconf 87' lang='lat' dir='ltr'>pacis</span> <span class='ocrx_word' id='word_1_19' title='bbox 547 349 819 418; x_wconf 84' lang='lat' dir='ltr'>dicendas</span> <span class='ocrx_word' id='word_1_20' title='bbox 836 401 856 428; x_wconf 89' lang='lat'>‚</span> <span class='ocrx_word' id='word_1_21' title='bbox 871 345 1346 415; x_wconf 85' lang='lat' dir='ltr'>bellaindicenda</span> <span class='ocrx_word' id='word_1_22' title='bbox 1363 345 1769 413; x_wconf 81' lang='lat' dir='ltr'>mittebantur.</span> <span class='ocrx_word' id='word_1_23' title='bbox 1810 345 1923 412; x_wconf 90' lang='lat' dir='ltr'>Sed</span> <span class='ocrx_word' id='word_1_24' title='bbox 1936 370 2065 436; x_wconf 83' lang='lat' dir='ltr'>quae</span> <span class='ocrx_word' id='word_1_25' title='bbox 2087 346 2213 414; x_wconf 85' lang='lat' dir='ltr'>haec</span> 
     </span>
     <span class='ocr_line' id='line_1_4' title="bbox 204 433 2212 511; baseline -0.003 -1"><span class='ocrx_word' id='word_1_26' title='bbox 204 445 540 511; x_wconf 78' lang='lat' dir='ltr'><strong>ceremonia</strong></span> <span class='ocrx_word' id='word_1_27' title='bbox 565 440 919 510; x_wconf 71' lang='lat' dir='ltr'>fuit?‚Libet</span> <span class='ocrx_word' id='word_1_28' title='bbox 935 462 1062 504; x_wconf 87' lang='lat' dir='ltr'>rem</span> <span class='ocrx_word' id='word_1_29' title='bbox 1076 459 1264 504; x_wconf 90' lang='lat' dir='ltr'>totam</span> <span class='ocrx_word' id='word_1_30' title='bbox 1294 433 1614 506; x_wconf 83' lang='lat' dir='ltr'>exscribere</span> <span class='ocrx_word' id='word_1_31' title='bbox 1642 461 1714 504; x_wconf 83' lang='lat' dir='ltr'>ex</span> <span class='ocrx_word' id='word_1_32' title='bbox 1729 439 1944 503; x_wconf 61' lang='lat' dir='ltr'>Liuio,</span> <span class='ocrx_word' id='word_1_33' title='bbox 1965 438 2212 505; x_wconf 81' lang='lat' dir='ltr'>Foedera</span> 
     </span>
     <span class='ocr_line' id='line_1_5' title="bbox 199 529 2210 626; baseline -0.002 -25"><span class='ocrx_word' id='word_1_34' title='bbox 199 536 229 626; x_wconf 87' lang='lat'><strong>(</strong></span> <span class='ocrx_word' id='word_1_35' title='bbox 261 538 448 625; x_wconf 86' lang='lat' dir='ltr'>inquit</span> <span class='ocrx_word' id='word_1_36' title='bbox 477 535 576 600; x_wconf 82' lang='lat' dir='ltr'>ille</span> <span class='ocrx_word' id='word_1_37' title='bbox 604 534 761 600; x_wconf 86' lang='lat' dir='ltr'>libro</span> <span class='ocrx_word' id='word_1_38' title='bbox 796 534 998 621; x_wconf 88' lang='lat' dir='ltr'>primo</span> <span class='ocrx_word' id='word_1_39' title='bbox 1018 536 1054 612; x_wconf 87' lang='lat'><em>)</em></span> <span class='ocrx_word' id='word_1_40' title='bbox 1098 530 1213 597; x_wconf 83' lang='lat' dir='ltr'>alia</span> <span class='ocrx_word' id='word_1_41' title='bbox 1238 531 1369 611; x_wconf 87' lang='lat' dir='ltr'>alijs</span> <span class='ocrx_word' id='word_1_42' title='bbox 1399 530 1624 620; x_wconf 85' lang='lat' dir='ltr'>legibus</span> <span class='ocrx_word' id='word_1_43' title='bbox 1644 581 1666 607; x_wconf 87' lang='lat'>‚</span> <span class='ocrx_word' id='word_1_44' title='bbox 1691 529 1963 596; x_wconf 63' lang='lat' dir='ltr'>caeterum</span> <span class='ocrx_word' id='word_1_45' title='bbox 1994 530 2210 596; x_wconf 86' lang='lat' dir='ltr'>eodem</span> 
     </span>
     <span class='ocr_line' id='line_1_6' title="bbox 202 618 2214 712; baseline -0.005 -18"><span class='ocrx_word' id='word_1_46' title='bbox 202 627 397 694; x_wconf 86' lang='lat' dir='ltr'>modo</span> <span class='ocrx_word' id='word_1_47' title='bbox 428 630 634 692; x_wconf 85' lang='lat' dir='ltr'>omnia</span> <span class='ocrx_word' id='word_1_48' title='bbox 660 622 828 689; x_wconf 86' lang='lat' dir='ltr'>fiunt.</span> <span class='ocrx_word' id='word_1_49' title='bbox 863 621 1131 688; x_wconf 85' lang='lat' dir='ltr'>Foecialis</span> <span class='ocrx_word' id='word_1_50' title='bbox 1161 645 1364 712; x_wconf 81' lang='lat' dir='ltr'>regem</span> <span class='ocrx_word' id='word_1_51' title='bbox 1394 624 1473 687; x_wconf 89' lang='lat' dir='ltr'>ita</span> <span class='ocrx_word' id='word_1_52' title='bbox 1498 621 1786 712; x_wconf 80' lang='lat' dir='ltr'>roga-bat:</span> <span class='ocrx_word' id='word_1_53' title='bbox 1819 618 2062 687; x_wconf 65' lang='lat' dir='ltr'>iubesne</span> <span class='ocrx_word' id='word_1_54' title='bbox 2092 646 2214 701; x_wconf 78' lang='lat' dir='ltr'>me,</span> 
     </span>
     <span class='ocr_line' id='line_1_7' title="bbox 205 711 2216 803; baseline -0.003 -17"><span class='ocrx_word' id='word_1_55' title='bbox 205 720 369 795; x_wconf 85' lang='lat' dir='ltr'>Rex,</span> <span class='ocrx_word' id='word_1_56' title='bbox 398 739 534 783; x_wconf 88' lang='lat' dir='ltr'>cum</span> <span class='ocrx_word' id='word_1_57' title='bbox 552 714 648 781; x_wconf 89' lang='lat' dir='ltr'>tali</span> <span class='ocrx_word' id='word_1_58' title='bbox 667 713 850 781; x_wconf 76' lang='lat' dir='ltr'>foedus</span> <span class='ocrx_word' id='word_1_59' title='bbox 872 712 1040 780; x_wconf 85' lang='lat' dir='ltr'>ferire</span> <span class='ocrx_word' id='word_1_60' title='bbox 1060 729 1080 781; x_wconf 70' lang='grc' dir='ltr'><strong><em>ἓ</em></strong></span> <span class='ocrx_word' id='word_1_61' title='bbox 1116 717 1188 783; x_wconf 94' lang='lat' dir='ltr'>N</span> <span class='ocrx_word' id='word_1_62' title='bbox 1191 716 1502 780; x_wconf 85' lang='lat' dir='ltr'>omiuabat</span> <span class='ocrx_word' id='word_1_63' title='bbox 1518 738 1653 781; x_wconf 88' lang='lat' dir='ltr'>eum</span> <span class='ocrx_word' id='word_1_64' title='bbox 1670 765 1688 792; x_wconf 83' lang='lat'>,</span> <span class='ocrx_word' id='word_1_65' title='bbox 1715 737 1838 803; x_wconf 83' lang='lat' dir='ltr'>quo</span> <span class='ocrx_word' id='word_1_66' title='bbox 1859 737 1994 779; x_wconf 86' lang='lat' dir='ltr'>cum</span> <span class='ocrx_word' id='word_1_67' title='bbox 2022 711 2216 779; x_wconf 79' lang='lat' dir='ltr'>foedus-</span> 
     </span>
     <span class='ocr_line' id='line_1_8' title="bbox 196 805 2211 897; baseline -0.001 -22"><span class='ocrx_word' id='word_1_68' title='bbox 196 809 374 876; x_wconf 89' lang='lat' dir='ltr'>fuerat</span> <span class='ocrx_word' id='word_1_69' title='bbox 387 806 738 874; x_wconf 84' lang='lat' dir='ltr'>feriendum.</span> <span class='ocrx_word' id='word_1_70' title='bbox 766 805 1014 872; x_wconf 87' lang='lat' dir='ltr'>Iubente</span> <span class='ocrx_word' id='word_1_71' title='bbox 1030 829 1167 896; x_wconf 86' lang='lat' dir='ltr'>rege</span> <span class='ocrx_word' id='word_1_72' title='bbox 1200 829 1215 867; x_wconf 79' lang='lat' dir='ltr'>t</span> <span class='ocrx_word' id='word_1_73' title='bbox 1253 808 1569 897; x_wconf 85' lang='lat' dir='ltr'>Sagmina,</span> <span class='ocrx_word' id='word_1_74' title='bbox 1603 805 2211 896; x_wconf 81' lang='lat' dir='ltr'>inquiebat‚te,Rex,</span> 
     </span>
     <span class='ocr_line' id='line_1_9' title="bbox 200 898 2214 991; baseline 0 -27"><span class='ocrx_word' id='word_1_75' title='bbox 200 901 400 991; x_wconf 78' lang='lat' dir='ltr'>posco,</span> <span class='ocrx_word' id='word_1_76' title='bbox 432 901 567 966; x_wconf 85' lang='lat' dir='ltr'>Rex</span> <span class='ocrx_word' id='word_1_77' title='bbox 579 898 833 965; x_wconf 86' lang='lat' dir='ltr'>dicebat:</span> <span class='ocrx_word' id='word_1_78' title='bbox 864 900 1090 966; x_wconf 84' lang='lat' dir='ltr'>Puram</span> <span class='ocrx_word' id='word_1_79' title='bbox 1119 898 1348 966; x_wconf 90' lang='lat' dir='ltr'>tollito:</span> <span class='ocrx_word' id='word_1_80' title='bbox 1382 898 1650 964; x_wconf 74' lang='lat' dir='ltr'>Foecialis</span> <span class='ocrx_word' id='word_1_81' title='bbox 1683 923 1757 966; x_wconf 85' lang='lat' dir='ltr'>ex</span> <span class='ocrx_word' id='word_1_82' title='bbox 1771 920 1900 964; x_wconf 80' lang='lat' dir='ltr'>arce</span> <span class='ocrx_word' id='word_1_83' title='bbox 1929 900 2214 987; x_wconf 82' lang='lat' dir='ltr'>graminis</span> 
     </span>
     <span class='ocr_line' id='line_1_10' title="bbox 204 986 2215 1080; baseline -0.001 -21"><span class='ocrx_word' id='word_1_84' title='bbox 204 992 454 1059; x_wconf 80' lang='lat' dir='ltr'>herbam</span> <span class='ocrx_word' id='word_1_85' title='bbox 470 1014 682 1080; x_wconf 87' lang='lat' dir='ltr'>puram</span> <span class='ocrx_word' id='word_1_86' title='bbox 702 986 1014 1057; x_wconf 82' lang='lat' dir='ltr'>afferebat:</span> <span class='ocrx_word' id='word_1_87' title='bbox 1045 989 1244 1080; x_wconf 86' lang='lat' dir='ltr'>postea</span> <span class='ocrx_word' id='word_1_88' title='bbox 1262 1012 1461 1079; x_wconf 82' lang='lat' dir='ltr'>regem</span> <span class='ocrx_word' id='word_1_89' title='bbox 1480 993 1560 1056; x_wconf 87' lang='lat' dir='ltr'>ita</span> <span class='ocrx_word' id='word_1_90' title='bbox 1575 990 1853 1079; x_wconf 85' lang='lat' dir='ltr'>rogabat:</span> <span class='ocrx_word' id='word_1_91' title='bbox 1886 989 2021 1070; x_wconf 82' lang='lat' dir='ltr'>Rex,</span> <span class='ocrx_word' id='word_1_92' title='bbox 2043 987 2215 1056; x_wconf 84' lang='lat' dir='ltr'>facis-</span> 
     </span>
     <span class='ocr_line' id='line_1_11' title="bbox 146 1081 2217 1174; baseline -0.001 -24"><span class='ocrx_word' id='word_1_93' title='bbox 146 1132 155 1135; x_wconf 91' lang='lat'><em>-</em></span> <span class='ocrx_word' id='word_1_94' title='bbox 202 1108 277 1150; x_wconf 87' lang='lat' dir='ltr'>nc</span> <span class='ocrx_word' id='word_1_95' title='bbox 305 1108 404 1148; x_wconf 88' lang='lat' dir='ltr'>me</span> <span class='ocrx_word' id='word_1_96' title='bbox 430 1104 493 1148; x_wconf 91' lang='lat' dir='ltr'>tu</span> <span class='ocrx_word' id='word_1_97' title='bbox 522 1085 751 1171; x_wconf 85' lang='lat' dir='ltr'>regium</span> <span class='ocrx_word' id='word_1_98' title='bbox 781 1084 1059 1149; x_wconf 88' lang='lat' dir='ltr'>nuntium</span> <span class='ocrx_word' id='word_1_99' title='bbox 1087 1082 1298 1173; x_wconf 85' lang='lat' dir='ltr'>populi</span> <span class='ocrx_word' id='word_1_100' title='bbox 1322 1082 1595 1161; x_wconf 70' lang='lat' dir='ltr'>‘Romani</span> <span class='ocrx_word' id='word_1_101' title='bbox 1707 1083 2010 1174; x_wconf 68' lang='lat' dir='ltr'>uiritium?</span> <span class='ocrx_word' id='word_1_102' title='bbox 2046 1081 2217 1162; x_wconf 67' lang='lat' dir='ltr'>Vasa,</span> 
     </span>
     <span class='ocr_line' id='line_1_12' title="bbox 203 1167 2214 1264; baseline -0.001 -23"><span class='ocrx_word' id='word_1_103' title='bbox 203 1167 561 1264; x_wconf 84' lang='lat' dir='ltr'>comitesque</span> <span class='ocrx_word' id='word_1_104' title='bbox 587 1187 795 1240; x_wconf 87' lang='lat' dir='ltr'>meos?</span> <span class='ocrx_word' id='word_1_105' title='bbox 835 1175 969 1241; x_wconf 87' lang='lat' dir='ltr'>Rex</span> <span class='ocrx_word' id='word_1_106' title='bbox 1000 1173 1384 1261; x_wconf 83' lang='lat' dir='ltr'>respondebat</span> <span class='ocrx_word' id='word_1_107' title='bbox 1413 1202 1426 1240; x_wconf 90' lang='lat'>:</span> <span class='ocrx_word' id='word_1_108' title='bbox 1469 1171 1667 1263; x_wconf 83' lang='lat' dir='ltr'>Qod</span> <span class='ocrx_word' id='word_1_109' title='bbox 1713 1196 1809 1238; x_wconf 86' lang='lat' dir='ltr'>me</span> <span class='ocrx_word' id='word_1_110' title='bbox 1835 1170 2036 1239; x_wconf 77' lang='lat' dir='ltr'>fraude</span> <span class='ocrx_word' id='word_1_111' title='bbox 2060 1197 2214 1254; x_wconf 84' lang='lat' dir='ltr'>mea,</span> 
     </span>
     <span class='ocr_line' id='line_1_13' title="bbox 201 1263 2210 1358; baseline -0 -27"><span class='ocrx_word' id='word_1_112' title='bbox 201 1266 526 1358; x_wconf 86' lang='lat' dir='ltr'>populique</span> <span class='ocrx_word' id='word_1_113' title='bbox 561 1267 829 1331; x_wconf 83' lang='lat' dir='ltr'>Romani</span> <span class='ocrx_word' id='word_1_114' title='bbox 863 1268 1211 1350; x_wconf 78' lang='lat' dir='ltr'>Quiritium</span> <span class='ocrx_word' id='word_1_115' title='bbox 1240 1264 1376 1342; x_wconf 83' lang='lat' dir='ltr'>fiat,</span> <span class='ocrx_word' id='word_1_116' title='bbox 1415 1264 1608 1329; x_wconf 84' lang='lat' dir='ltr'>faci0.</span> <span class='ocrx_word' id='word_1_117' title='bbox 1650 1263 1918 1330; x_wconf 79' lang='lat' dir='ltr'>Foecialis</span> <span class='ocrx_word' id='word_1_118' title='bbox 1953 1266 2210 1354; x_wconf 84' lang='lat' dir='ltr'>aliquem</span> 
     </span>
     <span class='ocr_line' id='line_1_14' title="bbox 201 1352 2215 1448; baseline -0 -25"><span class='ocrx_word' id='word_1_119' title='bbox 201 1376 719 1448; x_wconf 83' lang='lat' dir='ltr'>patrempatratum</span> <span class='ocrx_word' id='word_1_120' title='bbox 747 1353 1030 1429; x_wconf 83' lang='lat' dir='ltr'>faciebat,</span> <span class='ocrx_word' id='word_1_121' title='bbox 1062 1356 1168 1444; x_wconf 90' lang='lat' dir='ltr'>qui</span> <span class='ocrx_word' id='word_1_122' title='bbox 1195 1354 1270 1420; x_wconf 87' lang='lat' dir='ltr'>ad</span> <span class='ocrx_word' id='word_1_123' title='bbox 1301 1352 1709 1420; x_wconf 78' lang='lat' dir='ltr'>iufiurandum</span> <span class='ocrx_word' id='word_1_124' title='bbox 1738 1354 2086 1441; x_wconf 80' lang='lat' dir='ltr'>patrandum</span> <span class='ocrx_word' id='word_1_125' title='bbox 2104 1407 2124 1431; x_wconf 91' lang='lat'>,</span> <span class='ocrx_word' id='word_1_126' title='bbox 2152 1356 2215 1423; x_wconf 91' lang='lat' dir='ltr'>id</span> 
     </span>
     <span class='ocr_line' id='line_1_15' title="bbox 202 1442 2213 1537; baseline -0 -23"><span class='ocrx_word' id='word_1_127' title='bbox 202 1447 287 1515; x_wconf 87' lang='lat' dir='ltr'>est</span> <span class='ocrx_word' id='word_1_128' title='bbox 312 1444 686 1512; x_wconf 68' lang='lat' dir='ltr'>sanciendum</span> <span class='ocrx_word' id='word_1_129' title='bbox 703 1442 878 1509; x_wconf 85' lang='lat' dir='ltr'>fiebat</span> <span class='ocrx_word' id='word_1_130' title='bbox 895 1495 914 1522; x_wconf 91' lang='lat'>,</span> <span class='ocrx_word' id='word_1_131' title='bbox 956 1455 1020 1508; x_wconf 74' lang='grc'>8(</span> <span class='ocrx_word' id='word_1_132' title='bbox 1053 1442 1344 1523; x_wconf 83' lang='lat' dir='ltr'>verbena,</span> <span class='ocrx_word' id='word_1_133' title='bbox 1372 1465 1547 1536; x_wconf 88' lang='lat' dir='ltr'>caput</span> <span class='ocrx_word' id='word_1_134' title='bbox 1587 1444 1941 1535; x_wconf 75' lang='lat' dir='ltr'>capillosque</span> <span class='ocrx_word' id='word_1_135' title='bbox 1968 1465 2213 1537; x_wconf 83' lang='lat' dir='ltr'>tangens</span> 
     </span>
     <span class='ocr_line' id='line_1_16' title="bbox 198 1531 2216 1629; baseline 0 -24"><span class='ocrx_word' id='word_1_136' title='bbox 198 1538 390 1605; x_wconf 84' lang='lat' dir='ltr'>foedus</span> <span class='ocrx_word' id='word_1_137' title='bbox 418 1534 620 1602; x_wconf 76' lang='lat' dir='ltr'>multis</span> <span class='ocrx_word' id='word_1_138' title='bbox 644 1534 840 1603; x_wconf 85' lang='lat' dir='ltr'>verbis</span> <span class='ocrx_word' id='word_1_139' title='bbox 869 1537 1062 1626; x_wconf 84' lang='lat' dir='ltr'>longo</span> <span class='ocrx_word' id='word_1_140' title='bbox 1092 1531 1274 1603; x_wconf 84' lang='lat' dir='ltr'>effaris</span> <span class='ocrx_word' id='word_1_141' title='bbox 1287 1541 1554 1605; x_wconf 85' lang='lat' dir='ltr'>carmine</span> <span class='ocrx_word' id='word_1_142' title='bbox 1578 1535 1908 1627; x_wconf 81' lang='lat' dir='ltr'>peragebat.</span> <span class='ocrx_word' id='word_1_143' title='bbox 1953 1533 2216 1629; x_wconf 64' lang='lat' dir='ltr'>Regibus</span> 
     </span>
     <span class='ocr_line' id='line_1_17' title="bbox 199 1626 2232 1721; baseline -0.001 -25"><span class='ocrx_word' id='word_1_144' title='bbox 199 1627 415 1696; x_wconf 87' lang='lat' dir='ltr'>deinde</span> <span class='ocrx_word' id='word_1_145' title='bbox 429 1628 697 1695; x_wconf 78' lang='lat' dir='ltr'>recitatis.</span> <span class='ocrx_word' id='word_1_146' title='bbox 723 1626 891 1695; x_wconf 85' lang='lat' dir='ltr'>Audi</span> <span class='ocrx_word' id='word_1_147' title='bbox 917 1641 936 1710; x_wconf 93' lang='lat'>(</span> <span class='ocrx_word' id='word_1_148' title='bbox 954 1626 1572 1718; x_wconf 81' lang='lat' dir='ltr'>inquiebat)1upiter‚</span> <span class='ocrx_word' id='word_1_149' title='bbox 1606 1640 1668 1696; x_wconf 75' lang='grc' dir='ltr'>δε</span> <span class='ocrx_word' id='word_1_150' title='bbox 1700 1651 1767 1695; x_wconf 83' lang='lat' dir='ltr'>tu</span> <span class='ocrx_word' id='word_1_151' title='bbox 1792 1628 1934 1696; x_wconf 87' lang='lat' dir='ltr'>audi</span> <span class='ocrx_word' id='word_1_152' title='bbox 1961 1636 1989 1714; x_wconf 88' lang='lat'>(</span> <span class='ocrx_word' id='word_1_153' title='bbox 2020 1629 2232 1721; x_wconf 13' lang='lat' dir='ltr'>appel-a</span> 
     </span>
     <span class='ocr_line' id='line_1_18' title="bbox 199 1720 2217 1812; baseline 0 -24"><span class='ocrx_word' id='word_1_154' title='bbox 199 1721 357 1788; x_wconf 84' lang='lat' dir='ltr'>labat</span> <span class='ocrx_word' id='word_1_155' title='bbox 383 1721 554 1787; x_wconf 85' lang='lat' dir='ltr'>illum</span> <span class='ocrx_word' id='word_1_156' title='bbox 573 1772 592 1799; x_wconf 91' lang='lat'>,</span> <span class='ocrx_word' id='word_1_157' title='bbox 621 1743 745 1811; x_wconf 89' lang='lat' dir='ltr'>quo</span> <span class='ocrx_word' id='word_1_158' title='bbox 763 1745 899 1788; x_wconf 90' lang='lat' dir='ltr'>cum</span> <span class='ocrx_word' id='word_1_159' title='bbox 913 1720 1105 1789; x_wconf 76' lang='lat' dir='ltr'>foedus</span> <span class='ocrx_word' id='word_1_160' title='bbox 1132 1723 1516 1810; x_wconf 78' lang='lat' dir='ltr'>percutiebat)</span> <span class='ocrx_word' id='word_1_161' title='bbox 1552 1743 1618 1789; x_wconf 87' lang='lat' dir='ltr'>vt</span> <span class='ocrx_word' id='word_1_162' title='bbox 1644 1721 1747 1787; x_wconf 87' lang='lat' dir='ltr'>illa</span> <span class='ocrx_word' id='word_1_163' title='bbox 1777 1722 1972 1811; x_wconf 89' lang='lat' dir='ltr'>palam</span> <span class='ocrx_word' id='word_1_164' title='bbox 2001 1725 2217 1812; x_wconf 81' lang='lat' dir='ltr'>prima,</span> 
     </span>
     <span class='ocr_line' id='line_1_19' title="bbox 201 1811 2219 1906; baseline 0.001 -27"><span class='ocrx_word' id='word_1_165' title='bbox 201 1811 497 1906; x_wconf 86' lang='lat' dir='ltr'>postrema</span> <span class='ocrx_word' id='word_1_166' title='bbox 512 1813 714 1881; x_wconf 84' lang='lat' dir='ltr'>exillis</span> <span class='ocrx_word' id='word_1_167' title='bbox 730 1811 976 1883; x_wconf 83' lang='lat' dir='ltr'>tabulis,</span> <span class='ocrx_word' id='word_1_168' title='bbox 1014 1813 1219 1880; x_wconf 72' lang='lat' dir='ltr'>ceraue</span> <span class='ocrx_word' id='word_1_169' title='bbox 1231 1817 1467 1881; x_wconf 89' lang='lat' dir='ltr'>recitata</span> <span class='ocrx_word' id='word_1_170' title='bbox 1480 1816 1645 1893; x_wconf 73' lang='lat' dir='ltr'>sunt,</span> <span class='ocrx_word' id='word_1_171' title='bbox 1662 1815 1778 1880; x_wconf 84' lang='lat' dir='ltr'>fine</span> <span class='ocrx_word' id='word_1_172' title='bbox 1791 1813 2219 1895; x_wconf 80' lang='lat' dir='ltr'>dolomalo‚v·</span> 
     </span>
     <span class='ocr_line' id='line_1_20' title="bbox 201 1903 2229 1997; baseline 0.001 -25"><span class='ocrx_word' id='word_1_173' title='bbox 201 1908 364 1996; x_wconf 88' lang='lat' dir='ltr'>tique</span> <span class='ocrx_word' id='word_1_174' title='bbox 388 1930 453 1971; x_wconf 90' lang='lat' dir='ltr'>ea</span> <span class='ocrx_word' id='word_1_175' title='bbox 469 1904 567 1971; x_wconf 81' lang='lat' dir='ltr'>hic</span> <span class='ocrx_word' id='word_1_176' title='bbox 598 1903 1112 1971; x_wconf 70' lang='lat' dir='ltr'>hodierestissime</span> <span class='ocrx_word' id='word_1_177' title='bbox 1137 1905 1430 1971; x_wconf 64' lang='lat' dir='ltr'>intellecta</span> <span class='ocrx_word' id='word_1_178' title='bbox 1454 1907 1582 1971; x_wconf 88' lang='lat' dir='ltr'>sunt</span> <span class='ocrx_word' id='word_1_179' title='bbox 1602 1933 1614 1969; x_wconf 90' lang='lat'>:</span> <span class='ocrx_word' id='word_1_180' title='bbox 1637 1905 1749 1970; x_wconf 87' lang='lat' dir='ltr'>illis</span> <span class='ocrx_word' id='word_1_181' title='bbox 1777 1905 2229 1997; x_wconf 81' lang='lat' dir='ltr'>legibuspopu·</span> 
     </span>
     <span class='ocr_line' id='line_1_21' title="bbox 204 1994 2219 2086; baseline 0 -24"><span class='ocrx_word' id='word_1_182' title='bbox 204 1998 295 2063; x_wconf 83' lang='lat' dir='ltr'>lus</span> <span class='ocrx_word' id='word_1_183' title='bbox 325 1999 641 2063; x_wconf 86' lang='lat' dir='ltr'>Romanus</span> <span class='ocrx_word' id='word_1_184' title='bbox 657 1998 827 2084; x_wconf 88' lang='lat' dir='ltr'>prior</span> <span class='ocrx_word' id='word_1_185' title='bbox 844 2019 972 2060; x_wconf 89' lang='lat' dir='ltr'>non</span> <span class='ocrx_word' id='word_1_186' title='bbox 990 1994 1238 2062; x_wconf 85' lang='lat' dir='ltr'>deficiet.</span> <span class='ocrx_word' id='word_1_187' title='bbox 1286 1999 1349 2063; x_wconf 86' lang='lat' dir='ltr'>Si</span> <span class='ocrx_word' id='word_1_188' title='bbox 1379 1999 1550 2086; x_wconf 87' lang='lat' dir='ltr'>prior</span> <span class='ocrx_word' id='word_1_189' title='bbox 1582 1995 1795 2064; x_wconf 84' lang='lat' dir='ltr'>defexit</span> <span class='ocrx_word' id='word_1_190' title='bbox 1810 1997 2219 2086; x_wconf 73' lang='lat' dir='ltr'>publico-con-</span> 
     </span>
     <span class='ocr_line' id='line_1_22' title="bbox 205 2085 2221 2179; baseline 0 -25"><span class='ocrx_word' id='word_1_191' title='bbox 205 2087 336 2155; x_wconf 83' lang='lat' dir='ltr'>filio</span> <span class='ocrx_word' id='word_1_192' title='bbox 353 2139 371 2167; x_wconf 91' lang='lat'>,</span> <span class='ocrx_word' id='word_1_193' title='bbox 399 2086 546 2153; x_wconf 89' lang='lat' dir='ltr'>dolo</span> <span class='ocrx_word' id='word_1_194' title='bbox 565 2089 726 2153; x_wconf 87' lang='lat' dir='ltr'>malo</span> <span class='ocrx_word' id='word_1_195' title='bbox 742 2139 769 2166; x_wconf 16' lang='grc' dir='ltr'>,Α</span> <span class='ocrx_word' id='word_1_196' title='bbox 789 2107 850 2152; x_wconf 92' lang='lat' dir='ltr'>tu</span> <span class='ocrx_word' id='word_1_197' title='bbox 873 2087 979 2153; x_wconf 92' lang='lat' dir='ltr'>illo</span> <span class='ocrx_word' id='word_1_198' title='bbox 995 2085 1093 2153; x_wconf 85' lang='lat' dir='ltr'>die</span> <span class='ocrx_word' id='word_1_199' title='bbox 1124 2090 1350 2175; x_wconf 86' lang='lat' dir='ltr'>Iupiter</span> <span class='ocrx_word' id='word_1_200' title='bbox 1374 2089 1672 2179; x_wconf 85' lang='lat' dir='ltr'>populum</span> <span class='ocrx_word' id='word_1_201' title='bbox 1686 2087 2034 2154; x_wconf 84' lang='lat' dir='ltr'>Romanum</span> <span class='ocrx_word' id='word_1_202' title='bbox 2051 2087 2124 2155; x_wconf 87' lang='lat' dir='ltr'>fic</span> <span class='ocrx_word' id='word_1_203' title='bbox 2140 2090 2221 2155; x_wconf 85' lang='lat' dir='ltr'>fc-</span> 
     </span>
     <span class='ocr_line' id='line_1_23' title="bbox 201 2175 2216 2270; baseline 0 -24"><span class='ocrx_word' id='word_1_204' title='bbox 201 2182 319 2246; x_wconf 84' lang='lat' dir='ltr'>rito</span> <span class='ocrx_word' id='word_1_205' title='bbox 333 2231 350 2259; x_wconf 89' lang='lat'><em>‚</em></span> <span class='ocrx_word' id='word_1_206' title='bbox 364 2201 430 2246; x_wconf 86' lang='lat' dir='ltr'>vt</span> <span class='ocrx_word' id='word_1_207' title='bbox 448 2202 562 2270; x_wconf 84' lang='lat' dir='ltr'>ego</span> <span class='ocrx_word' id='word_1_208' title='bbox 579 2178 737 2245; x_wconf 87' lang='lat' dir='ltr'>huuc</span> <span class='ocrx_word' id='word_1_209' title='bbox 753 2199 1008 2268; x_wconf 83' lang='lat' dir='ltr'>porcum</span> <span class='ocrx_word' id='word_1_210' title='bbox 1029 2175 1213 2244; x_wconf 71' lang='lat' dir='ltr'>hodie</span> <span class='ocrx_word' id='word_1_211' title='bbox 1226 2180 1433 2245; x_wconf 84' lang='lat' dir='ltr'>feriam</span> <span class='ocrx_word' id='word_1_212' title='bbox 1463 2209 1476 2245; x_wconf 76' lang='grc' dir='ltr'><strong><em>ε</em></strong></span> <span class='ocrx_word' id='word_1_213' title='bbox 1507 2197 1794 2269; x_wconf 86' lang='lat' dir='ltr'>tantoque</span> <span class='ocrx_word' id='word_1_214' title='bbox 1811 2183 2001 2269; x_wconf 84' lang='lat' dir='ltr'>magis</span> <span class='ocrx_word' id='word_1_215' title='bbox 2021 2178 2216 2260; x_wconf 76' lang='lat' dir='ltr'>serim,</span> 
     </span>
     <span class='ocr_line' id='line_1_24' title="bbox 207 2268 2552 2385; baseline -0 -47"><span class='ocrx_word' id='word_1_216' title='bbox 207 2268 432 2363; x_wconf 75' lang='lat' dir='ltr'>quanto</span> <span class='ocrx_word' id='word_1_217' title='bbox 449 2272 854 2361; x_wconf 81' lang='lat' dir='ltr'>magis,potes‚</span> <span class='ocrx_word' id='word_1_218' title='bbox 870 2268 1178 2360; x_wconf 87' lang='lat' dir='ltr'>pollesquc.</span> <span class='ocrx_word' id='word_1_219' title='bbox 1205 2269 1277 2335; x_wconf 90' lang='lat' dir='ltr'>Id</span> <span class='ocrx_word' id='word_1_220' title='bbox 1292 2269 1636 2340; x_wconf 83' lang='lat' dir='ltr'>vbidixerat</span> <span class='ocrx_word' id='word_1_221' title='bbox 1649 2294 1905 2360; x_wconf 88' lang='lat' dir='ltr'>porcum</span> <span class='ocrx_word' id='word_1_222' title='bbox 1921 2274 2056 2339; x_wconf 86' lang='lat' dir='ltr'>saxo</span> <span class='ocrx_word' id='word_1_223' title='bbox 2075 2272 2216 2339; x_wconf 87' lang='lat' dir='ltr'>scili·</span> <span class='ocrx_word' id='word_1_224' title='bbox 2284 2333 2332 2384; x_wconf 67' lang='lat' dir='ltr'>id</span> <span class='ocrx_word' id='word_1_225' title='bbox 2378 2269 2384 2273; x_wconf 42' lang='lat'><em>¹</em></span> <span class='ocrx_word' id='word_1_226' title='bbox 2436 2330 2552 2385; x_wconf 50' lang='lat' dir='ltr'>Ga</span> 
     </span>
     <span class='ocr_line' id='line_1_25' title="bbox 203 2337 2546 2463; baseline 0 -33"><span class='ocrx_word' id='word_1_227' title='bbox 203 2387 267 2431; x_wconf 87' lang='lat' dir='ltr'>ce</span> <span class='ocrx_word' id='word_1_228' title='bbox 293 2362 670 2452; x_wconf 74' lang='lat' dir='ltr'>percutiebat,</span> <span class='ocrx_word' id='word_1_229' title='bbox 714 2362 868 2428; x_wconf 79' lang='lat' dir='ltr'>Haec</span> <span class='ocrx_word' id='word_1_230' title='bbox 883 2386 957 2429; x_wconf 86' lang='lat' dir='ltr'>ex</span> <span class='ocrx_word' id='word_1_231' title='bbox 969 2362 1174 2429; x_wconf 75' lang='lat' dir='ltr'>Liuio,</span> <span class='ocrx_word' id='word_1_232' title='bbox 1202 2362 1278 2428; x_wconf 89' lang='lat' dir='ltr'>Et</span> <span class='ocrx_word' id='word_1_233' title='bbox 1309 2361 1515 2429; x_wconf 86' lang='lat' dir='ltr'>eadem</span> <span class='ocrx_word' id='word_1_234' title='bbox 1532 2369 1595 2429; x_wconf 84' lang='lat' dir='ltr'>in</span> <span class='ocrx_word' id='word_1_235' title='bbox 1623 2368 1781 2453; x_wconf 82' lang='lat' dir='ltr'>pacis</span> <span class='ocrx_word' id='word_1_236' title='bbox 1811 2366 2215 2431; x_wconf 80' lang='lat' dir='ltr'>conuentione</span> <span class='ocrx_word' id='word_1_237' title='bbox 2242 2337 2474 2463; x_wconf 44' lang='lat'>12:534·</span> <span class='ocrx_word' id='word_1_238' title='bbox 2536 2397 2546 2403; x_wconf 90' lang='lat'><strong>·</strong></span> 
     </span>
     <span class='ocr_line' id='line_1_26' title="bbox 203 2452 2568 2546; baseline 0 -24"><span class='ocrx_word' id='word_1_239' title='bbox 203 2456 463 2533; x_wconf 84' lang='lat' dir='ltr'>seru-ata,</span> <span class='ocrx_word' id='word_1_240' title='bbox 507 2453 668 2519; x_wconf 82' lang='lat' dir='ltr'>idem</span> <span class='ocrx_word' id='word_1_241' title='bbox 701 2455 763 2519; x_wconf 85' lang='lat' dir='ltr'>in</span> <span class='ocrx_word' id='word_1_242' title='bbox 791 2452 911 2520; x_wconf 88' lang='lat' dir='ltr'>fine</span> <span class='ocrx_word' id='word_1_243' title='bbox 936 2453 1221 2544; x_wconf 81' lang='lat' dir='ltr'>trigefimi</span> <span class='ocrx_word' id='word_1_244' title='bbox 1247 2454 1384 2521; x_wconf 83' lang='lat' dir='ltr'>libri</span> <span class='ocrx_word' id='word_1_245' title='bbox 1419 2454 1712 2523; x_wconf 55' lang='lat' dir='ltr'>ostenditae</span> <span class='ocrx_word' id='word_1_246' title='bbox 1754 2457 1889 2546; x_wconf 85' lang='lat' dir='ltr'>I&#39;pso</span> <span class='ocrx_word' id='word_1_247' title='bbox 1918 2477 2117 2522; x_wconf 84' lang='lat' dir='ltr'>autem</span> <span class='ocrx_word' id='word_1_248' title='bbox 2147 2458 2216 2524; x_wconf 90' lang='lat' dir='ltr'>li-</span> <span class='ocrx_word' id='word_1_249' title='bbox 2548 2452 2568 2469; x_wconf 70' lang='lat'>‘⁸</span> 
     </span>
     <span class='ocr_line' id='line_1_27' title="bbox 202 2545 2218 2640; baseline 0.001 -26"><span class='ocrx_word' id='word_1_250' title='bbox 202 2546 319 2615; x_wconf 85' lang='lat' dir='ltr'>bro</span> <span class='ocrx_word' id='word_1_251' title='bbox 350 2547 556 2636; x_wconf 90' lang='lat' dir='ltr'>primo</span> <span class='ocrx_word' id='word_1_252' title='bbox 583 2545 724 2614; x_wconf 70' lang='lat' dir='ltr'>belli</span> <span class='ocrx_word' id='word_1_253' title='bbox 740 2546 1043 2613; x_wconf 83' lang='lat' dir='ltr'>indicendi</span> <span class='ocrx_word' id='word_1_254' title='bbox 1073 2569 1216 2617; x_wconf 73' lang='lat' dir='ltr'>ritus</span> <span class='ocrx_word' id='word_1_255' title='bbox 1236 2545 1310 2614; x_wconf 84' lang='lat' dir='ltr'>fic</span> <span class='ocrx_word' id='word_1_256' title='bbox 1322 2547 1636 2640; x_wconf 77' lang='lat' dir='ltr'>descripsit.</span> <span class='ocrx_word' id='word_1_257' title='bbox 1689 2549 1987 2640; x_wconf 84' lang='lat' dir='ltr'>Legatus,</span> <span class='ocrx_word' id='word_1_258' title='bbox 2015 2550 2123 2616; x_wconf 85' lang='lat' dir='ltr'>vbi</span> <span class='ocrx_word' id='word_1_259' title='bbox 2141 2548 2218 2617; x_wconf 89' lang='lat' dir='ltr'>ad</span> 
     </span>
     <span class='ocr_line' id='line_1_28' title="bbox 204 2638 2221 2731; baseline 0.001 -26"><span class='ocrx_word' id='word_1_260' title='bbox 204 2638 354 2705; x_wconf 80' lang='lat' dir='ltr'>fines</span> <span class='ocrx_word' id='word_1_261' title='bbox 369 2661 579 2706; x_wconf 85' lang='lat' dir='ltr'>eorum</span> <span class='ocrx_word' id='word_1_262' title='bbox 596 2642 794 2719; x_wconf 85' lang='lat' dir='ltr'>venit,</span> <span class='ocrx_word' id='word_1_263' title='bbox 820 2640 1041 2730; x_wconf 86' lang='lat' dir='ltr'>quibus</span> <span class='ocrx_word' id='word_1_264' title='bbox 1061 2639 1447 2709; x_wconf 87' lang='lat' dir='ltr'>indicendum</span> <span class='ocrx_word' id='word_1_265' title='bbox 1464 2642 1542 2708; x_wconf 82' lang='lat' dir='ltr'>est</span> <span class='ocrx_word' id='word_1_266' title='bbox 1557 2641 1782 2708; x_wconf 88' lang='lat' dir='ltr'>bellum</span> <span class='ocrx_word' id='word_1_267' title='bbox 1798 2693 1821 2721; x_wconf 78' lang='lat'>,</span> <span class='ocrx_word' id='word_1_268' title='bbox 1847 2642 2032 2731; x_wconf 83' lang='lat' dir='ltr'>capite</span> <span class='ocrx_word' id='word_1_269' title='bbox 2058 2642 2221 2714; x_wconf 85' lang='lat' dir='ltr'>vela·</span> 
     </span>
     <span class='ocr_line' id='line_1_29' title="bbox 203 2728 2220 2825; baseline 0.002 -29"><span class='ocrx_word' id='word_1_270' title='bbox 203 2751 301 2796; x_wconf 90' lang='lat' dir='ltr'>to:</span> <span class='ocrx_word' id='word_1_271' title='bbox 335 2728 537 2807; x_wconf 82' lang='lat' dir='ltr'>Audi,</span> <span class='ocrx_word' id='word_1_272' title='bbox 566 2731 828 2819; x_wconf 81' lang='lat' dir='ltr'>Iupiter,</span> <span class='ocrx_word' id='word_1_273' title='bbox 856 2736 1078 2822; x_wconf 84' lang='lat' dir='ltr'>inquit:</span> <span class='ocrx_word' id='word_1_274' title='bbox 1109 2736 1308 2801; x_wconf 86' lang='lat' dir='ltr'>audite</span> <span class='ocrx_word' id='word_1_275' title='bbox 1332 2732 1478 2801; x_wconf 85' lang='lat' dir='ltr'>fines</span> <span class='ocrx_word' id='word_1_276' title='bbox 1508 2762 1521 2799; x_wconf 91' lang='lat'>:</span> <span class='ocrx_word' id='word_1_277' title='bbox 1556 2740 1584 2817; x_wconf 84' lang='lat'>(</span> <span class='ocrx_word' id='word_1_278' title='bbox 1612 2734 2008 2824; x_wconf 81' lang='lat' dir='ltr'>cuiuscunque</span> <span class='ocrx_word' id='word_1_279' title='bbox 2026 2737 2220 2825; x_wconf 77' lang='lat' dir='ltr'>gentis</span> 
     </span>
     <span class='ocr_line' id='line_1_30' title="bbox 206 2820 2219 2917; baseline 0.001 -29"><span class='ocrx_word' id='word_1_280' title='bbox 206 2820 334 2889; x_wconf 83' lang='lat' dir='ltr'>sunt</span> <span class='ocrx_word' id='word_1_281' title='bbox 361 2825 641 2889; x_wconf 82' lang='lat' dir='ltr'>nominat</span> <span class='ocrx_word' id='word_1_282' title='bbox 667 2828 690 2899; x_wconf 94' lang='lat'><em>)</em></span> <span class='ocrx_word' id='word_1_283' title='bbox 721 2825 917 2891; x_wconf 83' lang='lat' dir='ltr'>audiat</span> <span class='ocrx_word' id='word_1_284' title='bbox 941 2823 1048 2890; x_wconf 78' lang='lat' dir='ltr'>fas..</span> <span class='ocrx_word' id='word_1_285' title='bbox 1098 2824 1243 2917; x_wconf 84' lang='lat' dir='ltr'>Ego</span> <span class='ocrx_word' id='word_1_286' title='bbox 1272 2823 1403 2892; x_wconf 83' lang='lat' dir='ltr'>sum</span> <span class='ocrx_word' id='word_1_287' title='bbox 1432 2826 1706 2917; x_wconf 76' lang='lat' dir='ltr'>publicus</span> <span class='ocrx_word' id='word_1_288' title='bbox 1735 2828 1983 2892; x_wconf 83' lang='lat' dir='ltr'>nuncius</span> <span class='ocrx_word' id='word_1_289' title='bbox 2005 2826 2219 2916; x_wconf 88' lang='lat' dir='ltr'>populi</span> 
     </span>
     <span class='ocr_line' id='line_1_31' title="bbox 206 2913 2226 3010; baseline 0.001 -28"><span class='ocrx_word' id='word_1_290' title='bbox 206 2915 516 2992; x_wconf 86' lang='lat' dir='ltr'>Romani,</span> <span class='ocrx_word' id='word_1_291' title='bbox 545 2913 725 2992; x_wconf 72' lang='lat' dir='ltr'>iuste,</span> <span class='ocrx_word' id='word_1_292' title='bbox 751 2914 963 3007; x_wconf 73' lang='lat' dir='ltr'>pieque</span> <span class='ocrx_word' id='word_1_293' title='bbox 989 2918 1210 3010; x_wconf 81' lang='lat' dir='ltr'>legatus</span> <span class='ocrx_word' id='word_1_294' title='bbox 1235 2920 1453 2985; x_wconf 85' lang='lat' dir='ltr'>venio:</span> <span class='ocrx_word' id='word_1_295' title='bbox 1473 2917 1780 3008; x_wconf 84' lang='lat' dir='ltr'>verbisque</span> <span class='ocrx_word' id='word_1_296' title='bbox 1801 2920 1948 2986; x_wconf 74' lang='lat' dir='ltr'>meis</span> <span class='ocrx_word' id='word_1_297' title='bbox 1974 2916 2117 2985; x_wconf 88' lang='lat' dir='ltr'>fides</span> <span class='ocrx_word' id='word_1_298' title='bbox 2135 2916 2226 2986; x_wconf 73' lang='lat' dir='ltr'>sit.</span> 
     </span>
     <span class='ocr_line' id='line_1_32' title="bbox 154 3005 2219 3101; baseline 0.002 -30"><span class='ocrx_word' id='word_1_299' title='bbox 154 3037 158 3071; x_wconf 80' lang='lat' dir='ltr'>t</span> <span class='ocrx_word' id='word_1_300' title='bbox 204 3009 442 3098; x_wconf 85' lang='lat' dir='ltr'>Peragit</span> <span class='ocrx_word' id='word_1_301' title='bbox 485 3005 705 3093; x_wconf 22' lang='lat' dir='ltr'>deinde,</span> <span class='ocrx_word' id='word_1_302' title='bbox 740 3007 1030 3098; x_wconf 79' lang='lat' dir='ltr'>postulata</span> <span class='ocrx_word' id='word_1_303' title='bbox 1061 3062 1079 3089; x_wconf 87' lang='lat'>‚</span> <span class='ocrx_word' id='word_1_304' title='bbox 1119 3032 1363 3100; x_wconf 82' lang='lat' dir='ltr'>propter</span> <span class='ocrx_word' id='word_1_305' title='bbox 1390 3035 1516 3101; x_wconf 86' lang='lat' dir='ltr'>quae</span> <span class='ocrx_word' id='word_1_306' title='bbox 1541 3063 1558 3091; x_wconf 90' lang='lat'>,</span> <span class='ocrx_word' id='word_1_307' title='bbox 1600 3018 1663 3076; x_wconf 88' lang='lat' dir='ltr'>ni</span> <span class='ocrx_word' id='word_1_308' title='bbox 1691 3008 1897 3076; x_wconf 85' lang='lat' dir='ltr'>fierent</span> <span class='ocrx_word' id='word_1_309' title='bbox 1922 3064 1945 3091; x_wconf 80' lang='grc'>,</span> <span class='ocrx_word' id='word_1_310' title='bbox 1987 3009 2219 3077; x_wconf 87' lang='lat' dir='ltr'>bellum</span> 
     </span>
     <span class='ocr_line' id='line_1_33' title="bbox 205 3098 2219 3194; baseline 0.002 -31"><span class='ocrx_word' id='word_1_311' title='bbox 205 3124 362 3167; x_wconf 84' lang='lat' dir='ltr'>mox</span> <span class='ocrx_word' id='word_1_312' title='bbox 375 3120 493 3166; x_wconf 83' lang='lat' dir='ltr'>erat</span> <span class='ocrx_word' id='word_1_313' title='bbox 521 3098 925 3168; x_wconf 74' lang='lat' dir='ltr'>indicendum.</span> <span class='ocrx_word' id='word_1_314' title='bbox 952 3102 1328 3171; x_wconf 83' lang='lat' dir='ltr'>Indclouem</span> <span class='ocrx_word' id='word_1_315' title='bbox 1358 3102 1560 3170; x_wconf 83' lang='lat' dir='ltr'>testem</span> <span class='ocrx_word' id='word_1_316' title='bbox 1575 3100 1808 3169; x_wconf 66' lang='lat' dir='ltr'>facitzfi,</span> <span class='ocrx_word' id='word_1_317' title='bbox 1828 3127 1948 3194; x_wconf 84' lang='lat' dir='ltr'>ego</span> <span class='ocrx_word' id='word_1_318' title='bbox 1982 3101 2219 3180; x_wconf 74' lang='lat' dir='ltr'>iniuste,</span> 
     </span>
     <span class='ocr_line' id='line_1_34' title="bbox 207 3191 2222 3287; baseline 0.002 -33"><span class='ocrx_word' id='word_1_319' title='bbox 207 3192 507 3282; x_wconf 79' lang='lat' dir='ltr'>impieq&#39;ue</span> <span class='ocrx_word' id='word_1_320' title='bbox 535 3191 796 3283; x_wconf 83' lang='lat' dir='ltr'>exposco</span> <span class='ocrx_word' id='word_1_321' title='bbox 819 3194 924 3260; x_wconf 88' lang='lat' dir='ltr'>ista</span> <span class='ocrx_word' id='word_1_322' title='bbox 951 3246 972 3274; x_wconf 88' lang='lat'>‚</span> <span class='ocrx_word' id='word_1_323' title='bbox 1014 3216 1146 3262; x_wconf 84' lang='lat' dir='ltr'>tum</span> <span class='ocrx_word' id='word_1_324' title='bbox 1173 3197 1372 3285; x_wconf 82' lang='lat' dir='ltr'>pattiae</span> <span class='ocrx_word' id='word_1_325' title='bbox 1403 3216 1756 3287; x_wconf 84' lang='lat' dir='ltr'>compotem</span> <span class='ocrx_word' id='word_1_326' title='bbox 1784 3219 1887 3263; x_wconf 85' lang='lat' dir='ltr'>me</span> <span class='ocrx_word' id='word_1_327' title='bbox 1912 3215 2222 3284; x_wconf 76' lang='lat' dir='ltr'>mtnquam</span> 
     </span>
     <span class='ocr_line' id='line_1_35' title="bbox 212 3279 2221 3380; baseline 0.002 -34"><span class='ocrx_word' id='word_1_328' title='bbox 212 3279 354 3349; x_wconf 80' lang='lat' dir='ltr'>finas</span> <span class='ocrx_word' id='word_1_329' title='bbox 369 3281 509 3351; x_wconf 69' lang='lat' dir='ltr'>effe·</span> <span class='ocrx_word' id='word_1_330' title='bbox 542 3285 692 3352; x_wconf 81' lang='lat' dir='ltr'>Haec</span> <span class='ocrx_word' id='word_1_331' title='bbox 707 3311 847 3355; x_wconf 87' lang='lat' dir='ltr'>curn-</span> <span class='ocrx_word' id='word_1_332' title='bbox 860 3285 1005 3355; x_wconf 85' lang='lat' dir='ltr'>fines</span> <span class='ocrx_word' id='word_1_333' title='bbox 1020 3288 1441 3377; x_wconf 82' lang='lat' dir='ltr'>suprascandit,</span> <span class='ocrx_word' id='word_1_334' title='bbox 1465 3287 1624 3368; x_wconf 80' lang='lat' dir='ltr'>haec,</span> <span class='ocrx_word' id='word_1_335' title='bbox 1652 3290 1995 3380; x_wconf 79' lang='lat' dir='ltr'>quicunque</span> <span class='ocrx_word' id='word_1_336' title='bbox 2020 3290 2071 3352; x_wconf 89' lang='lat' dir='ltr'>ei</span> <span class='ocrx_word' id='word_1_337' title='bbox 2102 3288 2221 3375; x_wconf 79' lang='lat' dir='ltr'>pri-</span> 
     </span>
     <span class='ocr_line' id='line_1_36' title="bbox 211 3377 2224 3472; baseline 0.002 -35"><span class='ocrx_word' id='word_1_338' title='bbox 211 3397 345 3440; x_wconf 84' lang='lat' dir='ltr'>mus</span> <span class='ocrx_word' id='word_1_339' title='bbox 358 3379 451 3442; x_wconf 82' lang='lat' dir='ltr'>vir</span> <span class='ocrx_word' id='word_1_340' title='bbox 462 3377 906 3461; x_wconf 67' lang='lat' dir='ltr'>obuiusfuerit,</span> <span class='ocrx_word' id='word_1_341' title='bbox 936 3379 1101 3459; x_wconf 72' lang='lat' dir='ltr'>haec,</span> <span class='ocrx_word' id='word_1_342' title='bbox 1124 3401 1357 3470; x_wconf 81' lang='lat' dir='ltr'>portam</span> <span class='ocrx_word' id='word_1_343' title='bbox 1374 3380 1690 3472; x_wconf 78' lang='lat' dir='ltr'>ingressus,</span> <span class='ocrx_word' id='word_1_344' title='bbox 1718 3380 1886 3460; x_wconf 74' lang='lat' dir='ltr'>haec,</span> <span class='ocrx_word' id='word_1_345' title='bbox 1905 3379 2101 3445; x_wconf 86' lang='lat' dir='ltr'>forum</span> <span class='ocrx_word' id='word_1_346' title='bbox 2133 3378 2224 3442; x_wconf 63' lang='lat' dir='ltr'>iri-4</span> 
     </span>
     <span class='ocr_line' id='line_1_37' title="bbox 213 3464 2219 3565; baseline -0.008 -15"><span class='ocrx_word' id='word_1_347' title='bbox 213 3464 478 3556; x_wconf 46' lang='lat' dir='ltr'>gseffissss</span> <span class='ocrx_word' id='word_1_348' title='bbox 513 3473 711 3557; x_wconf 50' lang='lat' dir='ltr'>paucis¹</span> <span class='ocrx_word' id='word_1_349' title='bbox 746 3475 946 3544; x_wconf 79' lang='lat' dir='ltr'>verbis</span> <span class='ocrx_word' id='word_1_350' title='bbox 986 3476 1298 3556; x_wconf 75' lang='lat' dir='ltr'>carminis,</span> <span class='ocrx_word' id='word_1_351' title='bbox 1331 3475 1824 3565; x_wconf 79' lang='lat' dir='ltr'>concipiendique</span> <span class='ocrx_word' id='word_1_352' title='bbox 1839 3467 2219 3541; x_wconf 68' lang='lat' dir='ltr'>,iurifiurandi</span> 
     </span>
     <span class='ocr_line' id='line_1_38' title="bbox 219 3568 1682 3643; baseline 0.001 -9"><span class='ocrx_word' id='word_1_353' title='bbox 219 3589 224 3600; x_wconf 87' lang='lat'><strong>·</strong></span> <span class='ocrx_word' id='word_1_354' title='bbox 1524 3568 1588 3635; x_wconf 90' lang='lat' dir='ltr'>C</span> <span class='ocrx_word' id='word_1_355' title='bbox 1643 3569 1682 3643; x_wconf 82' lang='lat' dir='ltr'>ij</span> 
     </span>
    </p>
   </div>
  </div>
 </body>
</html>
