2781 3882
719 153 1042 225 LIBER
1136 142 1558 227 PRIMVS.
2127 164 2202 234 ις

209 266 362 346 fimo
377 267 892 350 secund0,0mnes
907 263 1290 356 magistratus,
1310 269 1522 355 inquit,
1540 268 1716 334 mulis
1733 320 1750 347 ,
1771 265 2210 355 tabernaculistp

209 376 276 430 δε
293 362 602 427 omni-alio
615 360 1004 426 ‘instrumento
1024 357 1265 421 militari
1286 359 1651 424 ornabantur
1664 409 1681 436 ‚
1715 383 1787 423 ne
1801 360 1942 447 quid
1958 361 2070 424 tale
2099 363 2210 423 im-

200 441 479 543 perarent
496 454 682 530 socijs.
697 453 930 517 Priuata
945 447 1200 536 hospitia
1215 447 1510 514 habebant
1527 477 1539 513 :
1560 474 1622 514 ea
1639 450 1915 540 benigne,
1928 448 2210 517 comitet-

207 568 324 634 quc
337 544 604 610 colebant
621 571 633 606 ε
663 541 988 628 domusque
1002 562 1217 606 eorum
1235 541 1453 606 Romse
1468 541 1795 630 hospitibus
1813 541 2084 627 patebant
2102 593 2121 621 ,
2149 564 2206 605 a·

205 634 330 723 pud
345 658 496 724 quos
527 631 653 721 ipsis
689 630 904 696 diuertl
921 652 1054 696 mos
1071 628 1217 696 effet.
1232 632 1437 721 Legati
1452 684 1470 710 ,
1485 636 1586 722 qui
1607 632 1840 722 repente
1855 633 2056 722 aliquo
2075 637 2213 697 mit-

205 722 699 813 terentur,smgula
717 725 976 788 iumenta
991 746 1094 810 per
1110 722 1464 811 oppida,iter
1478 724 1594 813 qua
1606 724 1946 790 faciundum
1960 726 2212 802 erat,im-

203 814 502 903 perabant.
537 816 741 878 Aliam
758 813 1083 901 impensam
1105 814 1247 889 socij
1278 817 1337 878 in
1369 814 1730 904 magistratus
1748 817 2063 882 Romanos
2079 839 2212 880 non

203 904 509 971 faciebant.
553 907 858 970 Hactenus
889 906 1120 971 Liuius.
1153 917 1213 971 δε
1233 907 1294 980 in
1329 905 1575 972 eandem
1593 905 1948 972 vsententiam
1979 909 2207 973 Cicero

203 996 458 1063 Verrina
473 996 648 1063 sexta.
668 996 870 1085 Atque
883 996 1046 1084 quod
1064 995 1205 1061 hinc
1219 997 1513 1074 vo10,dari
1532 1022 1658 1063 eam
1677 998 2094 1087 supellectilem
2110 997 2208 1065 so-

201 1087 378 1154 litum
396 1086 895 1177 proficiscentibus
910 1096 975 1150 in
990 1089 1348 1176 legationem
1369 1136 1388 1168 ,
1405 1087 1467 1153 id
1481 1088 1712 1180 liquido
1731 1102 1792 1155 Sc
1813 1114 1885 1158 ex
1901 1114 1966 1155 ea
1980 1089 2212 1156 formu-

203 1178 260 1243 la
273 1200 423 1268 patet
441 1207 454 1243 :
488 1187 644 1244 Factis
657 1201 748 1243 me
760 1185 980 1268 regium
995 1185 1276 1259 nuncium,
1293 1181 1454 1270 vast'z,
1469 1181 1802 1270 comitbsque
1814 1205 1963 1247 meos
1980 1186 2009 1247 ?
2035 1182 2209 1248 Mili-

205 1289 324 1335 tare
340 1273 500 1335 enim
513 1271 763 1337 verbum
777 1273 937 1356 vasa,
954 1281 1038 1346 SC,
1057 1274 1196 1354 vasti
1209 1273 1492 1357 collegere3
1525 1295 1650 1358 quo
1670 1273 1942 1337 militaris
1957 1271 2210 1362 supellex

202 1358 577 1451 significatur.
592 1361 746 1425 Etita
762 1356 1077 1422 euanidum
1088 1359 1190 1435 est,
1206 1359 1372 1447 quod
1389 1358 1594 1424 Rhodi
1600 1363 1774 1449 ginus
1791 1361 2094 1429 substituit.
2143 1367 2208 1431 Si

205 1459 369 1516 enim
386 1449 589 1515 eadem
604 1451 747 1512 ratio
764 1499 783 1526 ,
810 1471 938 1537 quae
954 1445 1150 1512 firmat
1179 1450 1610 1539 etymologiam
1626 1502 1645 1530 ‚
1673 1450 1927 1541 legendo
1941 1452 2023 1540 {in
2036 1455 2210 1544 legio-

199 1564 362 1619 nem,
391 1538 590 1605 firmat
604 1540 777 1605 etiam
794 1540 1114 1604 lectionem
1125 1560 1413 1629 receptam
1432 1569 1446 1606 ι
1464 1542 1608 1631 quid
1627 1541 2208 1612 hancimmutamus?

177 1632 420 1722 -quidin
435 1630 688 1699 deterius
704 1646 1041 1698 mutamus?
1078 1630 1292 1711 Cedo,
1320 1656 1397 1699 an
1428 1633 1626 1701 vsitata
1652 1634 1871 1724 phrasis
1889 1688 1908 1716 ,
1925 1641 2003 1702 :in
2031 1637 2209 1728 legio-

196 1723 626 1813 ·nemproficisci.
658 1721 1174 1791 Proficiscentibus
1207 1728 1355 1815 ergo
1369 1749 1504 1790 cum
1521 1726 1806 1815 potestate
1822 1779 1840 1806 ,
1854 1749 1953 1794 aut
1966 1730 2210 1821 legatio·

199 1837 280 1882 ne
295 1814 808 1883 isthaecvdabantur.
839 1812 1162 1881 Dabantur
1174 1836 1369 1881 autem
1388 1829 1410 1897 (
1425 1837 1491 1883 vt
1507 1819 1695 1885 scribit
1713 1815 1960 1906 Liuius)
1977 1846 2051 1887 ne
2063 1822 2209 1912 quid

204 1913 402 1972 oneris
414 1909 580 1983 sociis
597 1927 1031 1996 apportaretur:
1052 1927 1150 1972 aut
1173 1906 1376 1996 (quod
1402 1907 1576 1976 docet
1605 1912 1862 1985 Cicero)
1884 1911 2113 1978 occafio
2147 1938 2210 1979 a-

201 1998 345 2063 uare
362 1999 570 2087 agendi
586 1998 826 2086 praebita
844 1996 1273 2086 magistratibus
1284 1996 1413 2064 effet
1428 2051 1448 2078 ,
1462 1998 1504 2064 fi
1517 2023 1712 2066 emere
1725 2003 1786 2087 iu
1801 2004 2124 2090 prouincijs
2140 2029 2207 2072 ea

168 2098 172 2101 ’
203 2086 311 2176 ipsi
338 2087 674 2156 debuiffent.
701 2089 889 2168 NOS,
908 2089 1235 2179 adlegatos
1265 2090 1428 2180 quod
1454 2113 1690 2171 attinet,
1721 2107 2116 2160 commentari
2143 2118 2208 2164 a·

202 2178 345 2245 liam
361 2180 732 2269 probabilem
763 2180 1009 2246 cauffam
1023 2177 1360 2267 poffumus:
1395 2182 1560 2271 quod
1587 2183 1798 2250 scilicet
1824 2183 2113 2272 proficisci
2129 2187 2207 2255 le-

201 2272 322 2362 gati
336 2271 700 2345 viderentur,
723 2269 881 2362 quafi
897 2271 1088 2336 nullus
1106 2293 1207 2337 eos
1237 2271 1365 2338 effet
1379 2271 1646 2363 hospitio
1664 2279 2204 2365 exceptumS.Nam

201 2383 304 2427 aut
318 2361 390 2427 ad
406 2361 605 2430 hostes
635 2363 825 2432 ibant3
846 2376 908 2430 δε
930 2361 1001 2428 ab
1023 2361 1113 2428 his
1128 2361 1271 2454 quid
1285 2363 1904 2457 hospitalitatisJofficia
1918 2372 2206 2461 expectas-

200 2451 323 2518 sent
341 2467 363 2519 ?
398 2452 514 2542 Ipsi
532 2454 798 2522 Romani
816 2455 971 2521 nihil
987 2460 1239 2522 comiter
1252 2511 1270 2537 ,
1300 2459 1452 2525 nihil
1469 2458 1827 2550 hospitaliter
1843 2459 2106 2530 hostium
2120 2464 2203 2531 le-
2237 2505 2388 2554 rium
2403 2518 2459 2568 45

200 2546 381 2634 gatis,
408 2546 772 2627 aliorumue,
800 2551 1042 2638 inssquos
1071 2548 1301 2617 fuissent
1331 2549 1560 2645 iefensi,
1592 2551 1860 2642 praestare
1886 2555 2213 2623 consume-⁸
2387 2544 2396 2555 ⁸
2460 2543 2475 2557 ⁵

200 2658 354 2701 runt.
386 2637 514 2702 Aut
534 2638 607 2703 ad
624 2643 849 2706 amicos
869 2641 1030 2706 ibant
1049 2667 1062 2704 z
1094 2642 1308 2732 quibus
1322 2643 1415 2709 vel
1430 2647 1599 2709 oneri
1616 2641 1726 2710 effe
1742 2646 2076 2716 noluerint3
2105 2650 2204 2716 vel

197 2727 272 2791 ab
291 2727 402 2792 illis
433 2728 684 2816 pendere
713 2746 844 2796 non
875 2731 1170 2820 placuerit,
1189 2755 1254 2800 vt
1282 2733 1382 2801 sub
1401 2735 1504 2800 diu
1537 2735 2002 2828 degete‘legatio
2021 2793 2039 2819 ,
2065 2741 2207 2815 int'ie

198 2817 448 2884 sordido
475 2819 805 2887 diuersorio*
836 2822 1215 2911 perindecore
1247 2824 1526 2892 debuisset
1545 2879 1561 2904 ‚
1604 2825 1644 2892 si
1673 2830 1851 2894 amici
1878 2829 2046 2896 aliter
2075 2857 2204 2899 non

199 2909 634 2998 prospexissent.
663 2912 831 2979 Idem
848 2911 1044 2978 noster
1060 2913 1375 2982 historicus
1394 2917 1748 3009 quandoque
1776 2943 2000 3000 narrat,
2028 2925 2202 2991 Sena·
2235 2947 2485 3010 rimabat:

198 3003 318 3066 tori
347 3002 636 3069 Romano
668 3004 812 3094 quid
841 3003 1059 3069 faeium
1103 3007 1390 3073 Ptreneste
1419 3008 1504 3074 sit.
1549 3009 1868 3080 Audimus·
1885 3015 2204 3084 Ciceronis

197 3093 473 3182 quaerelas
490 3118 553 3160 ea
568 3099 828 3163 Verrina
845 3093 1013 3163 sexta..
1029 3097 1224 3164 Habet
1251 3103 1312 3164 in
1333 3101 1555 3168 selectis
1571 3101 1643 3168 de
1661 3103 2062 3193 legationibus
2089 3109 2208 3175 Po-

199 3183 393 3268 lybius
414 3186 668 3259 'duriora
685 3240 703 3265 ,
734 3210 862 3278 quae
894 3189 972 3254 C.
1015 3193 1275 3258 Fannius
1309 3192 1529 3282 legatus
1556 3193 1753 3283 paffus
1772 3200 1840 3271 in
1865 3198 1939 3264 Ill
1980 3205 2079 3269 rio
2106 3198 2202 3265 est.

201 3272 779 3362 Frigidaamicorum
797 3277 982 3346 studia
996 3281 1382 3369 ignoramus?
1418 3287 1595 3383 Qud
1612 3294 1850 3380 quoque
1878 3297 1913 3373 (
1944 3314 1984 3360 it
2001 3292 2110 3357 alia
2124 3315 2210 3357 ra-

203 3365 752 3459 tio·).fi⁴cogitarunt
783 3372 1050 3438 Romani
1077 3373 1486 3465 legationem,
1509 3377 1692 3468 quam
1720 3380 1977 3471 possent,
2017 3385 2210 3450 maxi-

198 3454 306 3522 me—
320 3479 350 3521 a
369 3459 642 3559 ciuilibus
659 3467 1033 3559 cpmmercijs,
1063 3472 1401 3561 continere-3
1433 3495 1577 3566 cum
1601 3471 1666 3536 fit
1690 3474 1909 3561 legatio
1937 3474 2213 3566 imisgfflt

1658 3560 1724 3655 D
