2823 3903
540 153 667 207 116
1043 130 1176 204 ΠΕ
1267 123 2098 205 LEGATION-IBVS

539 261 606 317 δε
624 247 747 314 haec
765 245 877 338 ipsa
894 245 1036 315 fides
1053 299 1073 326 ‚
1100 247 1247 313 dum
1276 246 1531 313 reuersus
1553 243 1946 337 Cartaginem
1963 242 2074 326 est,
2089 240 2248 314 ficuti
2262 240 2552 337 promise-

538 361 625 407 rat
657 368 671 406 z
703 341 859 407 certe
893 343 953 406 in
987 363 1062 405 eo
1094 336 1516 426 vituperandus
1555 336 1791 406 videtur
1821 389 1840 417 ,
1878 338 2046 429 quod
2075 359 2284 406 contra
2313 340 2557 427 suscepta

539 432 818 499 mandata
832 430 1169 498 disseruerit:
1192 441 1255 494 Sc
1273 450 1581 517 propterea
1594 453 1807 520 genere
1820 427 2067 521 pessimo
2088 432 2306 496 mortis
2321 433 2557 496 caestus

541 521 838 590 iustissime
868 523 1056 589 fuerit.
1086 518 1368 588 Prodidit
1396 519 1780 608 legationem.
1817 522 1905 587 At
1923 527 2120 611 patriae
2139 542 2437 588 caritatem
2468 525 2559 587 ius

543 621 726 680 omni‘
752 620 877 679 iure
904 613 1202 703 potentius
1231 611 1442 698 aliquis
1479 607 1710 678 fortan}
1737 612 1812 678 ad
1837 613 2050 704 Reguli
2079 612 2263 679 fidem
2293 611 2569 679 excusan-

543 705 684 772 dam
715 707 892 769 nobis
924 702 1180 779 obijciet.
1212 702 1424 767 verum
1456 702 1502 765 is
1537 702 1693 767 ret-Tre
1709 703 1937 784 videat,
1964 703 2006 768 si
2026 704 2323 772 excusatio
2353 725 2566 793 proce·
2801 702 2823 766 -Ἰ

547 797 654 861 dit.
688 818 805 884 ego
834 796 997 859 enim
1027 792 1228 881 potius
1251 815 1379 857 non
1408 789 1864 880 suscipiendam,
1893 795 2075 884 quam
2091 797 2277 860 vllam
2306 797 2388 862 ob
2422 794 2574 860 caus-

546 887 667 951 sam
696 885 1063 975 prodendam
1076 882 1382 972 susceptam
1397 883 1753 970 legationem
1769 883 2066 951 existim0.
2078 886 2249 952 Nam
2264 887 2427 975 quod
2443 883 2574 976 ipfis
2819 860 2823 939 l

552 976 825 1042 hostibus
843 977 979 1041 data
993 974 1136 1041 fides
1154 973 1427 1040 seruanda
1444 972 1507 1039 fit
1521 1026 1538 1052 ,
1569 997 1673 1040 nec
1691 983 1751 1039 in
1769 974 2024 1042 dubium
2051 992 2376 1043 reuocatur.
2394 979 2576 1043 Cete-

553 1090 616 1134 ra
634 1120 651 1146 ,
678 1092 809 1158 quse
826 1069 895 1133 de
909 1066 1025 1132 fide
1053 1068 1388 1156 legatorum
1407 1065 1655 1132 dicenda
1670 1066 1960 1155 supersunt
1974 1118 1994 1144 ,
2025 1066 2109 1132 ibi
2126 1065 2578 1157 explicabimus,

554 1160 663 1225 vbi
679 1183 810 1225 eam
831 1183 862 1223 a
889 1159 1201 1247 prudentia
1230 1159 1542 1247 expensam
1559 1157 1956 1226 ostendemus.
1975 1161 2165 1227 Nunc
2180 1162 2345 1227 enim
2364 1155 2438 1224 de
2457 1155 2576 1223 istis

556 1251 874 1320 virtutibus
891 1249 1211 1345 simplicius
1231 1251 1614 1346 disputamus.

1309 1481 1511 1542 CAP.
1607 1485 1769 1543 XII.

1128 1689 1131 1691 i
1180 1629 1270 1685 De
1268 1618 1624 1708 fhrtitudine
1634 1614 1994 1710 Legatorum.²

615 1806 717 1898 &J
740 1811 819 1899 'Q
871 1803 981 1867 L‘r
1001 1815 1032 1863 Ε
1048 1818 1091 1865 R
1114 1811 1147 1866 Ἀ
1174 1803 1360 1870 virtus
1377 1854 1395 1880 ,
1425 1825 1542 1893 qua
1555 1800 1869 1892 praeditum
1886 1789 1993 1866 esic
2016 1820 2298 1891 oportere
2323 1798 2584 1896 legatum

572 1809 1155 2097 {Qdfflmm'
1169 1890 1464 1961 fortitudo
1481 1893 1582 1960 est.
1598 1897 1736 1963 Nec
1751 1891 1900 1980 vero
1918 1892 1998 1959 est
2013 1896 2162 1960 ratio
2186 1945 2205 1974 ,
2234 1918 2337 1962 cur
2354 1898 2587 1986 intrepi-

569 2064 608 2093 k

871 1983 943 2051 de
961 2008 1179 2052 munus
1197 1986 1369 2053 suum
1384 2010 1512 2054 non
1523 1984 1721 2065 obeat,
1735 2007 1904 2052 tanto
1925 1988 2047 2052 iure
2062 1989 2582 2078 munims‚tutusq;.

873 2076 987 2144 Sed
1006 2099 1203 2143 tamen
1217 2076 1434 2166 fortem
1453 2077 1717 2170 praestare
1731 2077 2004 2147 sevirum
2018 2078 2240 2170 legatus
2256 2077 2428 2152 debet
2443 2131 2462 2159 ,
2477 2080 2589 2148 etii

563 2165 607 2234 si
623 2165 768 2258 quid
785 2172 1089 2261 contingat
1102 2169 1271 2237 secus
1301 2174 1473 2240 Nam
1501 2192 1565 2237 vt
1591 2173 1788 2262 potuit
1805 2171 2006 2237 multis
2036 2170 2473 2262 fibipropositis
2493 2195 2591 2239 ex-

567 2259 782 2348 emplis
798 2264 1080 2350 cogitare,
1097 2260 1221 2327 fieri
1243 2262 1392 2329 istud
1404 2261 1566 2354 poffe
1580 2315 1597 2343 ,
1611 2288 1683 2328 ne
1702 2266 1828 2328 iura
1843 2264 2158 2354 legationis
2179 2263 2463 2330 inuiolata
2480 2260 2589 2330 fibi

565 2353 689 2418 illic
705 2348 833 2430 lint,
846 2375 970 2441 quo
985 2353 1400 2444 proficiscitur:
1420 2360 1496 2423 ita
1517 2367 1580 2422 Sc
1596 2353 1861 2421 aduersus
1879 2377 2131 2420 omnem
2151 2361 2281 2423 vim
2298 2354 2592 2445 praestatue

221 2455 455 2530 Phiiipm.
567 2467 708 2510 rum
720 2441 773 2509 se
784 2441 1055 2512 officium
1077 2446 1249 2514 suum
1265 2448 1564 2537 pollicitus
1597 2445 2042 2513 existimabitur.
2069 2448 2292 2537 Neque
2311 2453 2472 2511 enim
2489 2469 2592 2514 ve-

567 2557 706 2606 rum
720 2556 889 2624 put0,
904 2538 1070 2628 quod
1086 2540 1179 2606 M.
1195 2539 1430 2608 Tullius
1446 2540 1803 2632 quandoque
1814 2539 2077 2630 protulit,
2094 2538 2213 2605 sine
2229 2538 2357 2605 vllo
2375 2540 2588 2604 mortis

573 2650 739 2693 metu
752 2649 969 2696 ceteros
985 2629 1203 2721 legatos
1220 2633 1444 2723 semper
1458 2631 1908 2719 profestOS,vno
1928 2632 2137 2698 Seruio
2147 2630 2406 2720 Sulpitio
2419 2653 2591 2717 exce<

496 2745 499 2747 ·
573 2723 803 2809 pt0,qui
815 2719 885 2786 ad
900 2720 1139 2789 Antoni
1145 2748 1253 2805 um,
1269 2724 1468 2792 missus
1485 2744 1621 2790 erat.
1654 2724 1788 2789 Cur
1805 2726 1969 2789 enim
1984 2746 2195 2789 omnes
2210 2745 2334 2787 non
2348 2737 2590 2789 verean-

570 2830 686 2886 tur,
700 2812 864 2900 quod
885 2813 1069 2880 sciant
1097 2816 1300 2908 legatis
1331 2841 1456 2883 non
1477 2814 1763 2882 rarissime
1791 2815 2031 2882 solitum
2048 2819 2325 2882 euenire?
2356 2812 2471 2883 Sed
2487 2812 2590 2880 iste

558 2901 743 2990 supra
759 2906 1032 2973 mor-tales
1045 2905 1258 2976 omnes
1288 2903 1621 2975 immanem
1648 2906 1997 2975 Antonium
2016 2905 2125 2974 effe
2146 2904 2407 2976 volebat.
2428 2906 2590 2973 Non

575 3016 705 3058 eam
723 3017 865 3084 ergo
882 2997 1296 3068 confidentiam
1314 3003 1419 3068 fibi
1448 3004 1667 3093 legatus
1690 2999 1888 3067 noster
1914 3000 2209 3068 adsumat:
2235 3020 2291 3064 at
2304 3000 2522 3086 cogitet
2536 2996 2590 3062 se

572 3085 670 3152 vel
682 3085 758 3151 ad
775 3109 974 3175 regem
990 3090 1283 3158 Eleorum
1302 3097 1501 3186 ire,qui
1518 3093 1699 3184 quam
1716 3093 1882 3180 setius
1901 3090 2010 3159 effe
2023 3096 2084 3158 in
2103 3092 2328 3181 legatos
2345 3086 2589 3153 consue-

206 3240 210 3245 .
228 3168 407 3226 ΜΛ*
418 3171 539 3226 ¹'⁰¹¹'⁸·
572 3175 757 3257 uiffet,
772 3178 1109 3247 Heraclides
1127 3207 1164 3245 n
1172 3183 1304 3250 obis
1325 3187 1584 3252 recenset.
1609 3186 1744 3250 illos
1758 3184 2092 3250 admodum
2108 3181 2330 3247 multos
2345 3181 2586 3270 cogitet,

323 3283 327 3286 ⁴
360 3270 362 3272 ’
390 3268 396 3274 ’
502 3275 510 3310 7
569 3283 724 3360 quos
741 3272 926 3359 capite
938 3271 1388 3362 decimoquarto
1408 3279 1715 3342 retulimus
1733 3276 2000 3361 proximi
2019 3274 2190 3351 libri,
2221 3278 2444 3362 quique
2459 3295 2590 3337 non

476 3369 478 3373 ’
510 3365 515 3376 ”
572 3385 702 3429 vno
721 3360 912 3429 modo
945 3365 1032 3430 ius
1059 3364 1366 3454 legationis
1384 3367 1751 3434 sainffissimt‘i
1768 3367 2083 3433 violarunt.
2104 3377 2169 3432 &t
2186 3385 2408 3455 cogitet
2425 3365 2592 3451 Mar-J

572 3461 758 3541 cum(
767 3477 830 3526 vt
843 3453 1114 3549 'nominat
1128 3456 1288 3525 libro
1303 3462 1507 3552 primo
1525 3457 1903 3550 Paterculus)
1933 3457 2051 3526 siue
2069 3469 2175 3542 (vt
2197 3458 2449 3550 appellat
2477 3455 2592 3522 Ci-

2431 3569 2586 3630 cere,
